<?xml version="1.0" encoding="UTF-8"?>
<!DOCTYPE html PUBLIC "-//W3C//DTD XHTML 1.0 Transitional//EN"
    "http://www.w3.org/TR/xhtml1/DTD/xhtml1-transitional.dtd">
<html xmlns="http://www.w3.org/1999/xhtml" xml:lang="en" lang="en">
 <head>
  <title>
</title>
<meta http-equiv="Content-Type" content="text/html;charset=utf-8" />
  <meta name='ocr-system' content='tesseract 3.04.00' />
  <meta name='ocr-capabilities' content='ocr_page ocr_carea ocr_par ocr_line ocrx_word'/>
</head>
<body>
  <div class='ocr_page' id='page_1' title='image "4738047_0015.png"; bbox 0 0 1751 2767; ppageno 0'>
   <div class='ocr_carea' id='block_1_1' title="bbox 0 0 270 86">
    <p class='ocr_par' dir='ltr' id='par_1_1' title="bbox 0 0 270 86">
     <span class='ocr_line' id='line_1_1' title="bbox 0 0 270 86; baseline 0 2681"><span class='ocrx_word' id='word_1_1' title='bbox 0 0 270 86; x_wconf 95' lang='lat' dir='ltr'><strong><em> </em></strong></span> 
     </span>
    </p>
   </div>
   <div class='ocr_carea' id='block_1_2' title="bbox 0 148 1571 312">
    <p class='ocr_par' dir='ltr' id='par_1_2' title="bbox 0 148 1571 312">
     <span class='ocr_line' id='line_1_2' title="bbox 2 148 1570 245; baseline -0.008 -10.015"><span class='ocrx_word' id='word_1_2' title='bbox 2 179 43 245; x_wconf 61' lang='lat'><strong><em>²}</em></strong></span> <span class='ocrx_word' id='word_1_3' title='bbox 57 158 75 180; x_wconf 77' lang='lat' dir='ltr'><strong><em>-z</em></strong></span> <span class='ocrx_word' id='word_1_4' title='bbox 89 148 96 156; x_wconf 59' lang='lat'>²</span> <span class='ocrx_word' id='word_1_5' title='bbox 109 185 122 191; x_wconf 18' lang='grc' dir='ltr'>χ</span> <span class='ocrx_word' id='word_1_6' title='bbox 143 188 437 245; x_wconf 71' lang='lat' dir='ltr'><strong><em>praecipuam</em></strong></span> <span class='ocrx_word' id='word_1_7' title='bbox 462 165 653 240; x_wconf 61' lang='lat' dir='ltr'><strong><em>periisee</em></strong></span> <span class='ocrx_word' id='word_1_8' title='bbox 672 177 1001 228; x_wconf 53' lang='lat' dir='ltr'><strong><em>existimandum</em></strong></span> <span class='ocrx_word' id='word_1_9' title='bbox 1021 189 1148 226; x_wconf 70' lang='lat' dir='ltr'><strong><em>esset.</em></strong></span> <span class='ocrx_word' id='word_1_10' title='bbox 1208 182 1297 227; x_wconf 80' lang='lat' dir='ltr'><strong><em>Sed</em></strong></span> <span class='ocrx_word' id='word_1_11' title='bbox 1325 161 1409 225; x_wconf 74' lang='lat' dir='ltr'><strong><em>tam</em></strong></span> <span class='ocrx_word' id='word_1_12' title='bbox 1441 183 1570 224; x_wconf 68' lang='lat' dir='ltr'><strong><em>laxae</em></strong></span> 
     </span>
     <span class='ocr_line' id='line_1_3' title="bbox 0 242 1571 312; baseline -0.004 -14"><span class='ocrx_word' id='word_1_13' title='bbox 0 242 15 273; x_wconf 52' lang='lat' dir='ltr'>s</span> <span class='ocrx_word' id='word_1_14' title='bbox 65 266 74 275; x_wconf 55' lang='lat'><em>³</em></span> <span class='ocrx_word' id='word_1_15' title='bbox 128 253 463 312; x_wconf 17' lang='lat' dir='ltr'><strong><em>&lt;damniticam</em></strong></span> <span class='ocrx_word' id='word_1_16' title='bbox 517 252 732 308; x_wconf 78' lang='lat' dir='ltr'><strong><em>amplique</em></strong></span> <span class='ocrx_word' id='word_1_17' title='bbox 781 251 1008 305; x_wconf 71' lang='lat' dir='ltr'><strong><em>propositi</em></strong></span> <span class='ocrx_word' id='word_1_18' title='bbox 1064 250 1235 292; x_wconf 85' lang='lat' dir='ltr'><strong><em>modum</em></strong></span> <span class='ocrx_word' id='word_1_19' title='bbox 1292 251 1337 292; x_wconf 87' lang='lat' dir='ltr'><strong><em>in</em></strong></span> <span class='ocrx_word' id='word_1_20' title='bbox 1385 248 1571 292; x_wconf 80' lang='lat' dir='ltr'><strong><em>libellum</em></strong></span> 
     </span>
    </p>
   </div>
   <div class='ocr_carea' id='block_1_3' title="bbox 0 315 1570 374">
    <p class='ocr_par' dir='ltr' id='par_1_3' title="bbox 0 315 1570 374">
     <span class='ocr_line' id='line_1_4' title="bbox 0 315 1570 374; baseline -0.003 -12"><span class='ocrx_word' id='word_1_21' title='bbox 0 332 17 362; x_wconf 64' lang='grc' dir='ltr'><strong><em>ς’</em></strong></span> <span class='ocrx_word' id='word_1_22' title='bbox 40 354 56 369; x_wconf 58' lang='grc'><strong><em>,,</em></strong></span> <span class='ocrx_word' id='word_1_23' title='bbox 114 358 127 364; x_wconf 72' lang='grc'><em>,</em></span> <span class='ocrx_word' id='word_1_24' title='bbox 150 326 348 365; x_wconf 70' lang='lat' dir='ltr'><strong><em>nostrum</em></strong></span> <span class='ocrx_word' id='word_1_25' title='bbox 393 332 585 374; x_wconf 75' lang='lat' dir='ltr'><strong><em>prorsus</em></strong></span> <span class='ocrx_word' id='word_1_26' title='bbox 630 331 719 361; x_wconf 88' lang='lat' dir='ltr'><strong><em>non</em></strong></span> <span class='ocrx_word' id='word_1_27' title='bbox 761 318 920 360; x_wconf 81' lang='lat' dir='ltr'><strong><em>cadere</em></strong></span> <span class='ocrx_word' id='word_1_28' title='bbox 959 315 1232 372; x_wconf 72' lang='lat' dir='ltr'><strong><em>manifestum</em></strong></span> <span class='ocrx_word' id='word_1_29' title='bbox 1272 322 1353 368; x_wconf 71' lang='lat' dir='ltr'><strong><em>est,</em></strong></span> <span class='ocrx_word' id='word_1_30' title='bbox 1398 319 1443 359; x_wconf 89' lang='lat' dir='ltr'><strong><em>in</em></strong></span> <span class='ocrx_word' id='word_1_31' title='bbox 1483 330 1570 373; x_wconf 78' lang='lat' dir='ltr'><strong><em>quo</em></strong></span> 
     </span>
    </p>
   </div>
   <div class='ocr_carea' id='block_1_4' title="bbox 70 383 1575 2668">
    <p class='ocr_par' dir='ltr' id='par_1_4' title="bbox 137 383 1571 643">
     <span class='ocr_line' id='line_1_5' title="bbox 137 383 1570 445; baseline -0.003 -14"><span class='ocrx_word' id='word_1_32' title='bbox 137 397 141 399; x_wconf 86' lang='grc'><strong><em>·</em></strong></span> <span class='ocrx_word' id='word_1_33' title='bbox 146 384 385 445; x_wconf 82' lang='lat' dir='ltr'><strong><em>praeterea</em></strong></span> <span class='ocrx_word' id='word_1_34' title='bbox 413 386 523 429; x_wconf 72' lang='lat' dir='ltr'><strong><em>nihil</em></strong></span> <span class='ocrx_word' id='word_1_35' title='bbox 552 385 803 436; x_wconf 66' lang='lat' dir='ltr'><strong><em>monnicam,</em></strong></span> <span class='ocrx_word' id='word_1_36' title='bbox 840 385 950 428; x_wconf 76' lang='lat' dir='ltr'><strong><em>nihil</em></strong></span> <span class='ocrx_word' id='word_1_37' title='bbox 980 385 1234 441; x_wconf 72' lang='lat' dir='ltr'><strong><em>specialium</em></strong></span> <span class='ocrx_word' id='word_1_38' title='bbox 1264 384 1319 426; x_wconf 88' lang='lat' dir='ltr'><strong><em>de</em></strong></span> <span class='ocrx_word' id='word_1_39' title='bbox 1348 389 1446 427; x_wconf 86' lang='lat' dir='ltr'><strong><em>arte</em></strong></span> <span class='ocrx_word' id='word_1_40' title='bbox 1473 383 1570 427; x_wconf 73' lang='lat' dir='ltr'><strong><em>rhe-</em></strong></span> 
     </span>
     <span class='ocr_line' id='line_1_6' title="bbox 152 454 1571 509; baseline -0.001 -12"><span class='ocrx_word' id='word_1_41' title='bbox 152 457 297 498; x_wconf 83' lang='lat' dir='ltr'><strong><em>torica</em></strong></span> <span class='ocrx_word' id='word_1_42' title='bbox 314 455 672 509; x_wconf 80' lang='lat' dir='ltr'><strong><em>praeceptionum</em></strong></span> <span class='ocrx_word' id='word_1_43' title='bbox 691 455 929 508; x_wconf 87' lang='lat' dir='ltr'><strong><em>reperitur,</em></strong></span> <span class='ocrx_word' id='word_1_44' title='bbox 958 454 1040 496; x_wconf 76' lang='lat' dir='ltr'><strong><em>sed</em></strong></span> <span class='ocrx_word' id='word_1_45' title='bbox 1057 456 1102 495; x_wconf 86' lang='lat' dir='ltr'><strong><em>in</em></strong></span> <span class='ocrx_word' id='word_1_46' title='bbox 1118 455 1380 495; x_wconf 72' lang='lat' dir='ltr'><strong><em>universum</em></strong></span> <span class='ocrx_word' id='word_1_47' title='bbox 1410 466 1571 495; x_wconf 69' lang='lat' dir='ltr'><strong><em>causae</em></strong></span> 
     </span>
     <span class='ocr_line' id='line_1_7' title="bbox 152 518 1570 576; baseline -0.002 -11"><span class='ocrx_word' id='word_1_48' title='bbox 152 522 420 572; x_wconf 81' lang='lat' dir='ltr'><strong><em>indicantur,</em></strong></span> <span class='ocrx_word' id='word_1_49' title='bbox 458 533 538 564; x_wconf 88' lang='lat' dir='ltr'><strong><em>cur</em></strong></span> <span class='ocrx_word' id='word_1_50' title='bbox 574 519 834 576; x_wconf 70' lang='lat' dir='ltr'><strong><em>Vespasiani</em></strong></span> <span class='ocrx_word' id='word_1_51' title='bbox 871 534 981 568; x_wconf 84' lang='lat' dir='ltr'><strong><em>aevo</em></strong></span> <span class='ocrx_word' id='word_1_52' title='bbox 1013 522 1186 564; x_wconf 87' lang='lat' dir='ltr'><strong><em>multum</em></strong></span> <span class='ocrx_word' id='word_1_53' title='bbox 1216 521 1301 563; x_wconf 86' lang='lat' dir='ltr'><strong><em>iam</em></strong></span> <span class='ocrx_word' id='word_1_54' title='bbox 1330 518 1570 576; x_wconf 76' lang='lat' dir='ltr'><strong><em>defecerint</em></strong></span> 
     </span>
     <span class='ocr_line' id='line_1_8' title="bbox 153 589 1226 643; baseline -0.002 -12"><span class='ocrx_word' id='word_1_55' title='bbox 153 596 358 632; x_wconf 73' lang='lat' dir='ltr'><strong><em>oratores</em></strong></span> <span class='ocrx_word' id='word_1_56' title='bbox 387 603 416 631; x_wconf 88' lang='lat' dir='ltr'><strong><em>a</em></strong></span> <span class='ocrx_word' id='word_1_57' title='bbox 451 589 680 631; x_wconf 81' lang='lat' dir='ltr'><strong><em>Tullianae</em></strong></span> <span class='ocrx_word' id='word_1_58' title='bbox 709 591 870 630; x_wconf 76' lang='lat' dir='ltr'><strong><em>aetatis</em></strong></span> <span class='ocrx_word' id='word_1_59' title='bbox 897 590 1226 643; x_wconf 42' lang='lat' dir='ltr'><strong><em>praestantius&amp;</em></strong></span> 
     </span>
    </p>

    <p class='ocr_par' dir='ltr' id='par_1_5' title="bbox 70 655 1572 1507">
     <span class='ocr_line' id='line_1_9' title="bbox 265 655 1570 707; baseline -0.001 -8"><span class='ocrx_word' id='word_1_60' title='bbox 265 656 372 699; x_wconf 87' lang='lat' dir='ltr'><strong><em>Tum</em></strong></span> <span class='ocrx_word' id='word_1_61' title='bbox 415 669 517 700; x_wconf 85' lang='lat' dir='ltr'><strong><em>vero</em></strong></span> <span class='ocrx_word' id='word_1_62' title='bbox 560 655 766 699; x_wconf 88' lang='lat' dir='ltr'><strong><em>sermonis</em></strong></span> <span class='ocrx_word' id='word_1_63' title='bbox 808 655 937 699; x_wconf 86' lang='lat' dir='ltr'><strong><em>etiam</em></strong></span> <span class='ocrx_word' id='word_1_64' title='bbox 986 655 1220 700; x_wconf 88' lang='lat' dir='ltr'><strong><em>similitudo</em></strong></span> <span class='ocrx_word' id='word_1_65' title='bbox 1262 655 1570 707; x_wconf 82' lang='lat' dir='ltr'><strong><em>Quintilianum</em></strong></span> 
     </span>
     <span class='ocr_line' id='line_1_10' title="bbox 151 715 1570 780; baseline -0.001 -13"><span class='ocrx_word' id='word_1_66' title='bbox 151 715 376 767; x_wconf 80' lang='lat' dir='ltr'><strong><em>videbatur</em></strong></span> <span class='ocrx_word' id='word_1_67' title='bbox 395 727 609 766; x_wconf 84' lang='lat' dir='ltr'><strong><em>auctorem</em></strong></span> <span class='ocrx_word' id='word_1_68' title='bbox 630 723 879 777; x_wconf 87' lang='lat' dir='ltr'><strong><em>significare,</em></strong></span> <span class='ocrx_word' id='word_1_69' title='bbox 901 724 1097 774; x_wconf 87' lang='lat' dir='ltr'><strong><em>„lubrica</em></strong></span> <span class='ocrx_word' id='word_1_70' title='bbox 1126 724 1293 780; x_wconf 83' lang='lat' dir='ltr'><strong><em>quidem</em></strong></span> <span class='ocrx_word' id='word_1_71' title='bbox 1320 724 1570 766; x_wconf 71' lang='lat' dir='ltr'><strong><em>observatio</em></strong></span> 
     </span>
     <span class='ocr_line' id='line_1_11' title="bbox 152 790 1572 850; baseline -0.001 -15"><span class='ocrx_word' id='word_1_72' title='bbox 152 796 344 850; x_wconf 81' lang='lat' dir='ltr'><strong><em>quaeque</em></strong></span> <span class='ocrx_word' id='word_1_73' title='bbox 373 792 775 835; x_wconf 73' lang='lat' dir='ltr'><strong><em>exercitatissimum</em></strong></span> <span class='ocrx_word' id='word_1_74' title='bbox 795 792 926 846; x_wconf 77' lang='lat' dir='ltr'><strong><em>exiyit</em></strong></span> <span class='ocrx_word' id='word_1_75' title='bbox 947 791 1185 842; x_wconf 84' lang='lat' dir='ltr'><strong><em>iudicem,“</em></strong></span> <span class='ocrx_word' id='word_1_76' title='bbox 1214 791 1328 846; x_wconf 85' lang='lat' dir='ltr'><strong><em>quod</em></strong></span> <span class='ocrx_word' id='word_1_77' title='bbox 1349 790 1572 845; x_wconf 88' lang='lat' dir='ltr'><strong><em>Spaldingi</em></strong></span> 
     </span>
     <span class='ocr_line' id='line_1_12' title="bbox 153 858 1569 912; baseline -0.001 -11"><span class='ocrx_word' id='word_1_78' title='bbox 153 860 361 901; x_wconf 87' lang='lat' dir='ltr'><strong><em>monitum</em></strong></span> <span class='ocrx_word' id='word_1_79' title='bbox 399 859 561 901; x_wconf 87' lang='lat' dir='ltr'><strong><em>utinam</em></strong></span> <span class='ocrx_word' id='word_1_80' title='bbox 597 858 721 900; x_wconf 89' lang='lat' dir='ltr'><strong><em>multi</em></strong></span> <span class='ocrx_word' id='word_1_81' title='bbox 754 859 834 901; x_wconf 91' lang='lat' dir='ltr'><strong><em>hac</em></strong></span> <span class='ocrx_word' id='word_1_82' title='bbox 871 859 915 901; x_wconf 92' lang='lat' dir='ltr'><strong><em>in</em></strong></span> <span class='ocrx_word' id='word_1_83' title='bbox 944 872 991 903; x_wconf 86' lang='lat' dir='ltr'><strong><em>re</em></strong></span> <span class='ocrx_word' id='word_1_84' title='bbox 1020 860 1265 912; x_wconf 85' lang='lat' dir='ltr'><strong><em>indaganda</em></strong></span> <span class='ocrx_word' id='word_1_85' title='bbox 1293 859 1569 901; x_wconf 79' lang='lat' dir='ltr'><strong><em>audivissent.</em></strong></span> 
     </span>
     <span class='ocr_line' id='line_1_13' title="bbox 151 925 1571 980; baseline 0.001 -12"><span class='ocrx_word' id='word_1_86' title='bbox 151 926 346 969; x_wconf 87' lang='lat' dir='ltr'><strong><em>Eundem</em></strong></span> <span class='ocrx_word' id='word_1_87' title='bbox 381 926 424 968; x_wconf 89' lang='lat' dir='ltr'><strong><em>in</em></strong></span> <span class='ocrx_word' id='word_1_88' title='bbox 462 926 738 980; x_wconf 89' lang='lat' dir='ltr'><strong><em>intelligendo</em></strong></span> <span class='ocrx_word' id='word_1_89' title='bbox 777 925 1035 977; x_wconf 87' lang='lat' dir='ltr'><strong><em>Quintiliano</em></strong></span> <span class='ocrx_word' id='word_1_90' title='bbox 1069 926 1362 970; x_wconf 85' lang='lat' dir='ltr'><strong><em>acutissimum</em></strong></span> <span class='ocrx_word' id='word_1_91' title='bbox 1396 929 1441 969; x_wconf 91' lang='lat' dir='ltr'><strong><em>et</em></strong></span> <span class='ocrx_word' id='word_1_92' title='bbox 1468 938 1571 980; x_wconf 76' lang='lat' dir='ltr'><strong><em>prae</em></strong></span> 
     </span>
     <span class='ocr_line' id='line_1_14' title="bbox 154 993 1571 1046; baseline 0.001 -12"><span class='ocrx_word' id='word_1_93' title='bbox 154 993 249 1035; x_wconf 86' lang='lat' dir='ltr'><strong><em>aliis</em></strong></span> <span class='ocrx_word' id='word_1_94' title='bbox 284 993 482 1035; x_wconf 87' lang='lat' dir='ltr'><strong><em>subtilem</em></strong></span> <span class='ocrx_word' id='word_1_95' title='bbox 517 993 865 1046; x_wconf 80' lang='lat' dir='ltr'><strong><em>investigatorem</em></strong></span> <span class='ocrx_word' id='word_1_96' title='bbox 904 1006 1050 1036; x_wconf 86' lang='lat' dir='ltr'><strong><em>omnes</em></strong></span> <span class='ocrx_word' id='word_1_97' title='bbox 1088 995 1141 1036; x_wconf 86' lang='lat' dir='ltr'><strong><em>de</em></strong></span> <span class='ocrx_word' id='word_1_98' title='bbox 1182 994 1443 1044; x_wconf 89' lang='lat' dir='ltr'><strong><em>Quintiliano</em></strong></span> <span class='ocrx_word' id='word_1_99' title='bbox 1478 994 1571 1046; x_wconf 93' lang='lat' dir='ltr'><strong><em>opi-</em></strong></span> 
     </span>
     <span class='ocr_line' id='line_1_15' title="bbox 153 1059 1571 1115; baseline 0.001 -13"><span class='ocrx_word' id='word_1_100' title='bbox 153 1060 300 1103; x_wconf 89' lang='lat' dir='ltr'><strong><em>niones</em></strong></span> <span class='ocrx_word' id='word_1_101' title='bbox 335 1059 625 1114; x_wconf 87' lang='lat' dir='ltr'><strong><em>profligavisse</em></strong></span> <span class='ocrx_word' id='word_1_102' title='bbox 660 1064 874 1113; x_wconf 82' lang='lat' dir='ltr'><strong><em>putamus,</em></strong></span> <span class='ocrx_word' id='word_1_103' title='bbox 912 1061 984 1115; x_wconf 92' lang='lat' dir='ltr'><strong><em>qui</em></strong></span> <span class='ocrx_word' id='word_1_104' title='bbox 1019 1061 1061 1104; x_wconf 89' lang='lat' dir='ltr'><strong><em>in</em></strong></span> <span class='ocrx_word' id='word_1_105' title='bbox 1101 1060 1350 1112; x_wconf 84' lang='lat' dir='ltr'><strong><em>Quintiliani</em></strong></span> <span class='ocrx_word' id='word_1_106' title='bbox 1384 1060 1571 1103; x_wconf 88' lang='lat' dir='ltr'><strong><em>editione</em></strong></span> 
     </span>
     <span class='ocr_line' id='line_1_16' title="bbox 154 1127 1571 1182; baseline 0.001 -14"><span class='ocrx_word' id='word_1_107' title='bbox 154 1128 209 1169; x_wconf 88' lang='lat' dir='ltr'><strong><em>ad</em></strong></span> <span class='ocrx_word' id='word_1_108' title='bbox 253 1127 323 1169; x_wconf 92' lang='lat' dir='ltr'><strong><em>lib.</em></strong></span> <span class='ocrx_word' id='word_1_109' title='bbox 360 1127 434 1168; x_wconf 89' lang='lat' dir='ltr'><strong><em>VI.</em></strong></span> <span class='ocrx_word' id='word_1_110' title='bbox 471 1139 656 1180; x_wconf 86' lang='lat' dir='ltr'><strong><em>prooem.</em></strong></span> <span class='ocrx_word' id='word_1_111' title='bbox 706 1129 842 1170; x_wconf 88' lang='lat' dir='ltr'><strong><em>nostri</em></strong></span> <span class='ocrx_word' id='word_1_112' title='bbox 891 1129 1049 1182; x_wconf 86' lang='lat' dir='ltr'><strong><em>dialogi</em></strong></span> <span class='ocrx_word' id='word_1_113' title='bbox 1087 1141 1280 1171; x_wconf 81' lang='lat' dir='ltr'><strong><em>sermone</em></strong></span> <span class='ocrx_word' id='word_1_114' title='bbox 1329 1141 1424 1171; x_wconf 92' lang='lat' dir='ltr'><strong><em>cum</em></strong></span> <span class='ocrx_word' id='word_1_115' title='bbox 1473 1129 1571 1171; x_wconf 90' lang='lat' dir='ltr'><strong><em>stilo</em></strong></span> 
     </span>
     <span class='ocr_line' id='line_1_17' title="bbox 70 1193 1571 1250; baseline 0.002 -14"><span class='ocrx_word' id='word_1_116' title='bbox 70 1218 74 1222; x_wconf 89' lang='lat'>-</span> <span class='ocrx_word' id='word_1_117' title='bbox 154 1193 402 1246; x_wconf 84' lang='lat' dir='ltr'><strong><em>Quintiliani</em></strong></span> <span class='ocrx_word' id='word_1_118' title='bbox 421 1198 665 1248; x_wconf 86' lang='lat' dir='ltr'><strong><em>comparato</em></strong></span> <span class='ocrx_word' id='word_1_119' title='bbox 695 1198 739 1237; x_wconf 91' lang='lat' dir='ltr'><strong><em>et</em></strong></span> <span class='ocrx_word' id='word_1_120' title='bbox 768 1194 913 1238; x_wconf 91' lang='lat' dir='ltr'><strong><em>multis</em></strong></span> <span class='ocrx_word' id='word_1_121' title='bbox 934 1195 1182 1247; x_wconf 88' lang='lat' dir='ltr'><strong><em>Quintiliani</em></strong></span> <span class='ocrx_word' id='word_1_122' title='bbox 1211 1200 1254 1238; x_wconf 91' lang='lat' dir='ltr'><strong><em>et</em></strong></span> <span class='ocrx_word' id='word_1_123' title='bbox 1280 1195 1440 1250; x_wconf 87' lang='lat' dir='ltr'><strong><em>dialogi</em></strong></span> <span class='ocrx_word' id='word_1_124' title='bbox 1467 1195 1571 1239; x_wconf 85' lang='lat' dir='ltr'><strong><em>locis</em></strong></span> 
     </span>
     <span class='ocr_line' id='line_1_18' title="bbox 154 1262 1569 1317; baseline 0.001 -13"><span class='ocrx_word' id='word_1_125' title='bbox 154 1262 309 1314; x_wconf 84' lang='lat' dir='ltr'><strong><em>allatis,</em></strong></span> <span class='ocrx_word' id='word_1_126' title='bbox 340 1262 411 1316; x_wconf 91' lang='lat' dir='ltr'><strong><em>qui</em></strong></span> <span class='ocrx_word' id='word_1_127' title='bbox 439 1262 552 1304; x_wconf 88' lang='lat' dir='ltr'><strong><em>inter</em></strong></span> <span class='ocrx_word' id='word_1_128' title='bbox 581 1275 627 1304; x_wconf 90' lang='lat' dir='ltr'><strong><em>se</em></strong></span> <span class='ocrx_word' id='word_1_129' title='bbox 656 1266 730 1304; x_wconf 88' lang='lat' dir='ltr'><strong><em>aut</em></strong></span> <span class='ocrx_word' id='word_1_130' title='bbox 760 1263 1019 1306; x_wconf 87' lang='lat' dir='ltr'><strong><em>dissentiunt</em></strong></span> <span class='ocrx_word' id='word_1_131' title='bbox 1054 1267 1129 1306; x_wconf 88' lang='lat' dir='ltr'><strong><em>aut</em></strong></span> <span class='ocrx_word' id='word_1_132' title='bbox 1157 1263 1281 1317; x_wconf 91' lang='lat' dir='ltr'><strong><em>plane</em></strong></span> <span class='ocrx_word' id='word_1_133' title='bbox 1316 1268 1569 1317; x_wconf 86' lang='lat' dir='ltr'><strong><em>repugnant,</em></strong></span> 
     </span>
     <span class='ocr_line' id='line_1_19' title="bbox 155 1329 1570 1387; baseline 0.001 -15"><span class='ocrx_word' id='word_1_134' title='bbox 155 1330 210 1372; x_wconf 86' lang='lat' dir='ltr'><strong><em>ad</em></strong></span> <span class='ocrx_word' id='word_1_135' title='bbox 245 1329 371 1372; x_wconf 92' lang='lat' dir='ltr'><strong><em>finem</em></strong></span> <span class='ocrx_word' id='word_1_136' title='bbox 409 1330 631 1383; x_wconf 86' lang='lat' dir='ltr'><strong><em>perveniat</em></strong></span> <span class='ocrx_word' id='word_1_137' title='bbox 669 1330 1013 1384; x_wconf 85' lang='lat' dir='ltr'><strong><em>disceptationis:</em></strong></span> <span class='ocrx_word' id='word_1_138' title='bbox 1059 1332 1224 1386; x_wconf 81' lang='lat' dir='ltr'><strong><em>„plane</em></strong></span> <span class='ocrx_word' id='word_1_139' title='bbox 1255 1330 1487 1387; x_wconf 78' lang='lat' dir='ltr'><strong><em>confirmor</em></strong></span> <span class='ocrx_word' id='word_1_140' title='bbox 1526 1333 1570 1374; x_wconf 87' lang='lat' dir='ltr'><strong><em>in</em></strong></span> 
     </span>
     <span class='ocr_line' id='line_1_20' title="bbox 154 1397 1572 1455; baseline 0.002 -16"><span class='ocrx_word' id='word_1_141' title='bbox 154 1411 207 1440; x_wconf 90' lang='lat' dir='ltr'><strong><em>ea</em></strong></span> <span class='ocrx_word' id='word_1_142' title='bbox 236 1400 466 1448; x_wconf 80' lang='lat' dir='ltr'><strong><em>sententia,</em></strong></span> <span class='ocrx_word' id='word_1_143' title='bbox 508 1404 554 1440; x_wconf 92' lang='lat' dir='ltr'><strong><em>ut</em></strong></span> <span class='ocrx_word' id='word_1_144' title='bbox 589 1397 859 1450; x_wconf 81' lang='lat' dir='ltr'><strong><em>Quintiliano</em></strong></span> <span class='ocrx_word' id='word_1_145' title='bbox 890 1400 1064 1441; x_wconf 81' lang='lat' dir='ltr'><strong><em>auctori</em></strong></span> <span class='ocrx_word' id='word_1_146' title='bbox 1093 1399 1331 1442; x_wconf 88' lang='lat' dir='ltr'><strong><em>abiudicem</em></strong></span> <span class='ocrx_word' id='word_1_147' title='bbox 1351 1399 1572 1455; x_wconf 67' lang='lat' dir='ltr'><strong><em>dialogum</em></strong></span> 
     </span>
     <span class='ocr_line' id='line_1_21' title="bbox 155 1464 537 1507; baseline -0.003 -1"><span class='ocrx_word' id='word_1_148' title='bbox 155 1465 209 1507; x_wconf 87' lang='lat' dir='ltr'><strong><em>de</em></strong></span> <span class='ocrx_word' id='word_1_149' title='bbox 238 1464 537 1506; x_wconf 39' lang='lat' dir='ltr'><strong><em>oratoribus&amp;</em></strong></span> 
     </span>
    </p>

    <p class='ocr_par' dir='ltr' id='par_1_6' title="bbox 132 1532 1575 2668">
     <span class='ocr_line' id='line_1_22' title="bbox 269 1532 1573 1587; baseline 0.002 -13"><span class='ocrx_word' id='word_1_150' title='bbox 269 1532 354 1574; x_wconf 89' lang='lat' dir='ltr'><strong><em>Sed</em></strong></span> <span class='ocrx_word' id='word_1_151' title='bbox 382 1532 499 1574; x_wconf 89' lang='lat' dir='ltr'><strong><em>aliud</em></strong></span> <span class='ocrx_word' id='word_1_152' title='bbox 528 1532 657 1575; x_wconf 87' lang='lat' dir='ltr'><strong><em>etiam</em></strong></span> <span class='ocrx_word' id='word_1_153' title='bbox 697 1532 855 1575; x_wconf 88' lang='lat' dir='ltr'><strong><em>habent</em></strong></span> <span class='ocrx_word' id='word_1_154' title='bbox 892 1537 1202 1586; x_wconf 86' lang='lat' dir='ltr'><strong><em>argumentum,</em></strong></span> <span class='ocrx_word' id='word_1_155' title='bbox 1247 1534 1320 1587; x_wconf 88' lang='lat' dir='ltr'><strong><em>qui</em></strong></span> <span class='ocrx_word' id='word_1_156' title='bbox 1350 1534 1573 1584; x_wconf 83' lang='lat' dir='ltr'><strong><em>Quintilia-</em></strong></span> 
     </span>
     <span class='ocr_line' id='line_1_23' title="bbox 153 1600 1571 1655; baseline 0.002 -14"><span class='ocrx_word' id='word_1_157' title='bbox 153 1612 255 1641; x_wconf 89' lang='lat' dir='ltr'><strong><em>num</em></strong></span> <span class='ocrx_word' id='word_1_158' title='bbox 284 1602 501 1642; x_wconf 86' lang='lat' dir='ltr'><strong><em>auctorem</em></strong></span> <span class='ocrx_word' id='word_1_159' title='bbox 530 1611 624 1642; x_wconf 87' lang='lat' dir='ltr'><strong><em>esse</em></strong></span> <span class='ocrx_word' id='word_1_160' title='bbox 644 1600 918 1651; x_wconf 81' lang='lat' dir='ltr'><strong><em>contendunt,</em></strong></span> <span class='ocrx_word' id='word_1_161' title='bbox 940 1613 989 1642; x_wconf 87' lang='lat' dir='ltr'><strong><em>ex</em></strong></span> <span class='ocrx_word' id='word_1_162' title='bbox 1010 1601 1165 1643; x_wconf 87' lang='lat' dir='ltr'><strong><em>aetatis</em></strong></span> <span class='ocrx_word' id='word_1_163' title='bbox 1184 1601 1349 1644; x_wconf 90' lang='lat' dir='ltr'><strong><em>ratione</em></strong></span> <span class='ocrx_word' id='word_1_164' title='bbox 1367 1601 1571 1655; x_wconf 88' lang='lat' dir='ltr'><strong><em>petitum:</em></strong></span> 
     </span>
     <span class='ocr_line' id='line_1_24' title="bbox 152 1667 1571 1720; baseline 0.001 -12"><span class='ocrx_word' id='word_1_165' title='bbox 152 1669 389 1717; x_wconf 86' lang='lat' dir='ltr'><strong><em>„convenit</em></strong></span> <span class='ocrx_word' id='word_1_166' title='bbox 415 1673 455 1709; x_wconf 93' lang='lat' dir='ltr'><strong><em>et</em></strong></span> <span class='ocrx_word' id='word_1_167' title='bbox 476 1669 635 1709; x_wconf 76' lang='lat' dir='ltr'><strong><em>aetatis</em></strong></span> <span class='ocrx_word' id='word_1_168' title='bbox 654 1669 819 1717; x_wconf 82' lang='lat' dir='ltr'><strong><em>ratio‚“</em></strong></span> <span class='ocrx_word' id='word_1_169' title='bbox 839 1667 976 1720; x_wconf 91' lang='lat' dir='ltr'><strong><em>inquit</em></strong></span> <span class='ocrx_word' id='word_1_170' title='bbox 993 1667 1185 1720; x_wconf 89' lang='lat' dir='ltr'><strong><em>Lipsius;</em></strong></span> <span class='ocrx_word' id='word_1_171' title='bbox 1213 1668 1571 1719; x_wconf 79' lang='lat' dir='ltr'><strong><em>„Quintilianum</em></strong></span> 
     </span>
     <span class='ocr_line' id='line_1_25' title="bbox 156 1734 1569 1791; baseline 0.001 -14"><span class='ocrx_word' id='word_1_172' title='bbox 156 1735 398 1778; x_wconf 81' lang='lat' dir='ltr'><strong><em>Domitiani</em></strong></span> <span class='ocrx_word' id='word_1_173' title='bbox 428 1734 690 1790; x_wconf 75' lang='lat' dir='ltr'><strong><em>temporibus</em></strong></span> <span class='ocrx_word' id='word_1_174' title='bbox 717 1740 759 1777; x_wconf 94' lang='lat' dir='ltr'><strong><em>et</em></strong></span> <span class='ocrx_word' id='word_1_175' title='bbox 779 1734 960 1777; x_wconf 81' lang='lat' dir='ltr'><strong><em>Nervae</em></strong></span> <span class='ocrx_word' id='word_1_176' title='bbox 988 1736 1143 1777; x_wconf 68' lang='lat' dir='ltr'><strong><em>vixissi</em></strong></span> <span class='ocrx_word' id='word_1_177' title='bbox 1169 1735 1381 1778; x_wconf 73' lang='lat' dir='ltr'><strong><em>historiae</em></strong></span> <span class='ocrx_word' id='word_1_178' title='bbox 1402 1749 1569 1791; x_wconf 84' lang='lat' dir='ltr'><strong><em>appro-</em></strong></span> 
     </span>
     <span class='ocr_line' id='line_1_26' title="bbox 154 1803 1572 1856; baseline 0 -10"><span class='ocrx_word' id='word_1_179' title='bbox 154 1803 304 1846; x_wconf 86' lang='lat' dir='ltr'><strong><em>bant“.</em></strong></span> <span class='ocrx_word' id='word_1_180' title='bbox 362 1803 475 1845; x_wconf 91' lang='lat' dir='ltr'><strong><em>Illud</em></strong></span> <span class='ocrx_word' id='word_1_181' title='bbox 504 1804 795 1853; x_wconf 82' lang='lat' dir='ltr'><strong><em>„convenit</em></strong></span> <span class='ocrx_word' id='word_1_182' title='bbox 824 1804 984 1844; x_wconf 76' lang='lat' dir='ltr'><strong><em>aetatis</em></strong></span> <span class='ocrx_word' id='word_1_183' title='bbox 1003 1805 1160 1845; x_wconf 77' lang='lat' dir='ltr'><strong><em>ratio“</em></strong></span> <span class='ocrx_word' id='word_1_184' title='bbox 1188 1815 1266 1856; x_wconf 90' lang='lat' dir='ltr'><strong><em>per</em></strong></span> <span class='ocrx_word' id='word_1_185' title='bbox 1297 1816 1342 1846; x_wconf 88' lang='lat' dir='ltr'><strong><em>se</em></strong></span> <span class='ocrx_word' id='word_1_186' title='bbox 1362 1804 1448 1846; x_wconf 87' lang='lat' dir='ltr'><strong><em>iam</em></strong></span> <span class='ocrx_word' id='word_1_187' title='bbox 1469 1804 1572 1846; x_wconf 90' lang='lat' dir='ltr'><strong><em>nihil</em></strong></span> 
     </span>
     <span class='ocr_line' id='line_1_27' title="bbox 154 1869 1574 1927; baseline 0 -13"><span class='ocrx_word' id='word_1_188' title='bbox 154 1870 325 1927; x_wconf 88' lang='lat' dir='ltr'><strong><em>probat;</em></strong></span> <span class='ocrx_word' id='word_1_189' title='bbox 372 1871 449 1914; x_wconf 88' lang='lat' dir='ltr'><strong><em>sed</em></strong></span> <span class='ocrx_word' id='word_1_190' title='bbox 492 1883 545 1914; x_wconf 92' lang='lat' dir='ltr'><strong><em>ne</em></strong></span> <span class='ocrx_word' id='word_1_191' title='bbox 590 1869 785 1919; x_wconf 87' lang='lat' dir='ltr'><strong><em>convenit</em></strong></span> <span class='ocrx_word' id='word_1_192' title='bbox 829 1869 1012 1924; x_wconf 88' lang='lat' dir='ltr'><strong><em>quidem.</em></strong></span> <span class='ocrx_word' id='word_1_193' title='bbox 1073 1870 1376 1924; x_wconf 88' lang='lat' dir='ltr'><strong><em>Comparemus</em></strong></span> <span class='ocrx_word' id='word_1_194' title='bbox 1415 1871 1574 1926; x_wconf 86' lang='lat' dir='ltr'><strong><em>dialogi</em></strong></span> 
     </span>
     <span class='ocr_line' id='line_1_28' title="bbox 154 1938 1575 1993; baseline 0 -11"><span class='ocrx_word' id='word_1_195' title='bbox 154 1944 325 1993; x_wconf 87' lang='lat' dir='ltr'><strong><em>tempus</em></strong></span> <span class='ocrx_word' id='word_1_196' title='bbox 361 1952 456 1981; x_wconf 93' lang='lat' dir='ltr'><strong><em>cum</em></strong></span> <span class='ocrx_word' id='word_1_197' title='bbox 498 1943 641 1980; x_wconf 89' lang='lat' dir='ltr'><strong><em>aetate</em></strong></span> <span class='ocrx_word' id='word_1_198' title='bbox 680 1938 941 1987; x_wconf 77' lang='lat' dir='ltr'><strong><em>Quintiliani,</em></strong></span> <span class='ocrx_word' id='word_1_199' title='bbox 999 1938 1169 1991; x_wconf 86' lang='lat' dir='ltr'><strong><em>Dialogi</em></strong></span> <span class='ocrx_word' id='word_1_200' title='bbox 1211 1939 1382 1991; x_wconf 88' lang='lat' dir='ltr'><strong><em>quidem</em></strong></span> <span class='ocrx_word' id='word_1_201' title='bbox 1426 1944 1575 1982; x_wconf 86' lang='lat' dir='ltr'><strong><em>auctor</em></strong></span> 
     </span>
     <span class='ocr_line' id='line_1_29' title="bbox 154 2004 1573 2061; baseline 0 -11"><span class='ocrx_word' id='word_1_202' title='bbox 154 2007 247 2061; x_wconf 89' lang='lat' dir='ltr'><strong><em>ipse</em></strong></span> <span class='ocrx_word' id='word_1_203' title='bbox 275 2007 337 2050; x_wconf 92' lang='lat' dir='ltr'><strong><em>illi</em></strong></span> <span class='ocrx_word' id='word_1_204' title='bbox 366 2005 647 2060; x_wconf 87' lang='lat' dir='ltr'><strong><em>disputationi</em></strong></span> <span class='ocrx_word' id='word_1_205' title='bbox 676 2006 955 2048; x_wconf 90' lang='lat' dir='ltr'><strong><em>admodum</em></strong></span> <span class='ocrx_word' id='word_1_206' title='bbox 986 2004 1224 2048; x_wconf 88' lang='lat' dir='ltr'><strong><em>iuvenem</em></strong></span> <span class='ocrx_word' id='word_1_207' title='bbox 1256 2018 1301 2049; x_wconf 90' lang='lat' dir='ltr'><strong><em>se</em></strong></span> <span class='ocrx_word' id='word_1_208' title='bbox 1331 2005 1573 2051; x_wconf 87' lang='lat' dir='ltr'><strong><em>interfuisse</em></strong></span> 
     </span>
     <span class='ocr_line' id='line_1_30' title="bbox 155 2069 1573 2128; baseline 0 -11"><span class='ocrx_word' id='word_1_209' title='bbox 155 2075 261 2117; x_wconf 87' lang='lat' dir='ltr'><strong><em>dicit</em></strong></span> <span class='ocrx_word' id='word_1_210' title='bbox 291 2075 408 2128; x_wconf 88' lang='lat' dir='ltr'><strong><em>(dial.</em></strong></span> <span class='ocrx_word' id='word_1_211' title='bbox 440 2087 474 2117; x_wconf 89' lang='lat' dir='ltr'><strong><em>c.</em></strong></span> <span class='ocrx_word' id='word_1_212' title='bbox 508 2075 580 2128; x_wconf 88' lang='grc'><strong>1.).</strong></span> <span class='ocrx_word' id='word_1_213' title='bbox 640 2069 732 2124; x_wconf 87' lang='lat' dir='ltr'><strong><em>Quo</em></strong></span> <span class='ocrx_word' id='word_1_214' title='bbox 761 2077 952 2126; x_wconf 90' lang='lat' dir='ltr'><strong><em>tempore</em></strong></span> <span class='ocrx_word' id='word_1_215' title='bbox 990 2077 1133 2115; x_wconf 87' lang='lat' dir='ltr'><strong><em>autem</em></strong></span> <span class='ocrx_word' id='word_1_216' title='bbox 1170 2086 1221 2116; x_wconf 88' lang='lat' dir='ltr'><strong><em>ea</em></strong></span> <span class='ocrx_word' id='word_1_217' title='bbox 1255 2074 1402 2116; x_wconf 81' lang='lat' dir='ltr'><strong><em>habita</em></strong></span> <span class='ocrx_word' id='word_1_218' title='bbox 1431 2075 1499 2126; x_wconf 90' lang='lat' dir='ltr'><strong><em>sit,</em></strong></span> <span class='ocrx_word' id='word_1_219' title='bbox 1530 2075 1573 2117; x_wconf 89' lang='lat' dir='ltr'><strong><em>in</em></strong></span> 
     </span>
     <span class='ocr_line' id='line_1_31' title="bbox 155 2140 1572 2197; baseline 0.001 -13"><span class='ocrx_word' id='word_1_220' title='bbox 155 2140 296 2184; x_wconf 89' lang='lat' dir='ltr'><strong><em>libello</em></strong></span> <span class='ocrx_word' id='word_1_221' title='bbox 324 2142 418 2195; x_wconf 89' lang='lat' dir='ltr'><strong><em>ipso</em></strong></span> <span class='ocrx_word' id='word_1_222' title='bbox 448 2141 618 2184; x_wconf 89' lang='lat' dir='ltr'><strong><em>disertis</em></strong></span> <span class='ocrx_word' id='word_1_223' title='bbox 647 2140 787 2184; x_wconf 89' lang='lat' dir='ltr'><strong><em>verbis</em></strong></span> <span class='ocrx_word' id='word_1_224' title='bbox 816 2141 1060 2195; x_wconf 86' lang='lat' dir='ltr'><strong><em>exponitur:</em></strong></span> <span class='ocrx_word' id='word_1_225' title='bbox 1092 2148 1253 2191; x_wconf 74' lang='lat' dir='ltr'><strong><em>„sexta</em></strong></span> <span class='ocrx_word' id='word_1_226' title='bbox 1280 2141 1425 2196; x_wconf 68' lang='lat' dir='ltr'><strong><em>felicis</em></strong></span> <span class='ocrx_word' id='word_1_227' title='bbox 1451 2144 1572 2197; x_wconf 70' lang='lat' dir='ltr'><strong><em>prim</em></strong></span> 
     </span>
     <span class='ocr_line' id='line_1_32' title="bbox 158 2208 1572 2264; baseline 0 -13"><span class='ocrx_word' id='word_1_228' title='bbox 158 2211 331 2263; x_wconf 71' lang='lat' dir='ltr'><strong><em>cipatue</em></strong></span> <span class='ocrx_word' id='word_1_229' title='bbox 359 2211 563 2258; x_wconf 76' lang='lat' dir='ltr'><strong><em>statione,</em></strong></span> <span class='ocrx_word' id='word_1_230' title='bbox 595 2222 680 2264; x_wconf 82' lang='lat' dir='ltr'><strong><em>qua</em></strong></span> <span class='ocrx_word' id='word_1_231' title='bbox 720 2208 1018 2263; x_wconf 71' lang='lat' dir='ltr'><strong><em>Vespasianus</em></strong></span> <span class='ocrx_word' id='word_1_232' title='bbox 1053 2222 1143 2250; x_wconf 84' lang='lat' dir='ltr'><strong><em>rem</em></strong></span> <span class='ocrx_word' id='word_1_233' title='bbox 1167 2209 1387 2263; x_wconf 80' lang='lat' dir='ltr'><strong><em>publicam</em></strong></span> <span class='ocrx_word' id='word_1_234' title='bbox 1412 2208 1572 2263; x_wconf 80' lang='lat' dir='ltr'><strong><em>fovet“</em></strong></span> 
     </span>
     <span class='ocr_line' id='line_1_33' title="bbox 158 2276 1570 2332; baseline -0.001 -12"><span class='ocrx_word' id='word_1_235' title='bbox 158 2278 212 2331; x_wconf 89' lang='lat' dir='ltr'><strong><em>(c.</em></strong></span> <span class='ocrx_word' id='word_1_236' title='bbox 247 2278 347 2332; x_wconf 85' lang='lat'>17.).</span> <span class='ocrx_word' id='word_1_237' title='bbox 407 2277 514 2320; x_wconf 84' lang='lat' dir='ltr'><strong><em>Cum</em></strong></span> <span class='ocrx_word' id='word_1_238' title='bbox 552 2281 695 2320; x_wconf 89' lang='lat' dir='ltr'><strong><em>autem</em></strong></span> <span class='ocrx_word' id='word_1_239' title='bbox 738 2276 1026 2330; x_wconf 87' lang='lat' dir='ltr'><strong><em>Vespasianus</em></strong></span> <span class='ocrx_word' id='word_1_240' title='bbox 1063 2276 1164 2319; x_wconf 88' lang='lat' dir='ltr'><strong><em>anni</em></strong></span> <span class='ocrx_word' id='word_1_241' title='bbox 1200 2281 1265 2319; x_wconf 85' lang='grc'><strong><em>69.</em></strong></span> <span class='ocrx_word' id='word_1_242' title='bbox 1305 2290 1346 2330; x_wconf 86' lang='lat' dir='ltr'><strong><em>p.</em></strong></span> <span class='ocrx_word' id='word_1_243' title='bbox 1388 2276 1486 2319; x_wconf 86' lang='lat' dir='ltr'><strong><em>Chr.</em></strong></span> <span class='ocrx_word' id='word_1_244' title='bbox 1530 2290 1570 2319; x_wconf 91' lang='lat' dir='ltr'><strong><em>n.</em></strong></span> 
     </span>
     <span class='ocr_line' id='line_1_34' title="bbox 155 2343 1573 2398; baseline 0 -11"><span class='ocrx_word' id='word_1_245' title='bbox 155 2345 360 2388; x_wconf 84' lang='lat' dir='ltr'><strong><em>Kalendis</em></strong></span> <span class='ocrx_word' id='word_1_246' title='bbox 389 2345 515 2387; x_wconf 83' lang='lat' dir='ltr'><strong><em>Juliis</em></strong></span> <span class='ocrx_word' id='word_1_247' title='bbox 544 2345 827 2398; x_wconf 88' lang='lat' dir='ltr'><strong><em>principatum</em></strong></span> <span class='ocrx_word' id='word_1_248' title='bbox 858 2343 1029 2398; x_wconf 87' lang='lat' dir='ltr'><strong><em>ceperit,</em></strong></span> <span class='ocrx_word' id='word_1_249' title='bbox 1070 2346 1215 2387; x_wconf 87' lang='lat' dir='ltr'><strong><em>sextus</em></strong></span> <span class='ocrx_word' id='word_1_250' title='bbox 1244 2344 1411 2398; x_wconf 88' lang='lat' dir='ltr'><strong><em>imperii</em></strong></span> <span class='ocrx_word' id='word_1_251' title='bbox 1439 2357 1573 2388; x_wconf 86' lang='lat' dir='ltr'><strong><em>annus</em></strong></span> 
     </span>
     <span class='ocr_line' id='line_1_35' title="bbox 155 2411 1573 2463; baseline -0.001 -7"><span class='ocrx_word' id='word_1_252' title='bbox 155 2412 238 2456; x_wconf 78' lang='lat' dir='ltr'><strong><em>fuit</em></strong></span> <span class='ocrx_word' id='word_1_253' title='bbox 271 2418 339 2456; x_wconf 83' lang='lat'><strong><em>74.</em></strong></span> <span class='ocrx_word' id='word_1_254' title='bbox 367 2413 434 2455; x_wconf 89' lang='lat' dir='ltr'><strong><em>vel</em></strong></span> <span class='ocrx_word' id='word_1_255' title='bbox 466 2416 530 2455; x_wconf 84' lang='lat'><strong><em>75.</em></strong></span> <span class='ocrx_word' id='word_1_256' title='bbox 563 2412 847 2463; x_wconf 87' lang='lat' dir='ltr'><strong><em>Quintilianus</em></strong></span> <span class='ocrx_word' id='word_1_257' title='bbox 877 2424 978 2454; x_wconf 88' lang='lat' dir='ltr'><strong><em>vero</em></strong></span> <span class='ocrx_word' id='word_1_258' title='bbox 1007 2411 1120 2455; x_wconf 88' lang='lat' dir='ltr'><strong><em>intra</em></strong></span> <span class='ocrx_word' id='word_1_259' title='bbox 1149 2425 1186 2454; x_wconf 90' lang='lat' dir='ltr'><strong><em>a.</em></strong></span> <span class='ocrx_word' id='word_1_260' title='bbox 1222 2418 1289 2455; x_wconf 86' lang='lat'><strong><em>42.</em></strong></span> <span class='ocrx_word' id='word_1_261' title='bbox 1320 2416 1363 2454; x_wconf 90' lang='lat' dir='ltr'><strong><em>et</em></strong></span> <span class='ocrx_word' id='word_1_262' title='bbox 1392 2416 1457 2454; x_wconf 88' lang='lat'><strong><em>44.</em></strong></span> <span class='ocrx_word' id='word_1_263' title='bbox 1478 2412 1573 2455; x_wconf 88' lang='lat' dir='ltr'><strong><em>aevi</em></strong></span> 
     </span>
     <span class='ocr_line' id='line_1_36' title="bbox 156 2476 1571 2533; baseline -0.001 -10"><span class='ocrx_word' id='word_1_264' title='bbox 156 2481 292 2524; x_wconf 89' lang='lat' dir='ltr'><strong><em>nostri</em></strong></span> <span class='ocrx_word' id='word_1_265' title='bbox 311 2476 449 2523; x_wconf 75' lang='lat' dir='ltr'><strong><em>¹natus</em></strong></span> <span class='ocrx_word' id='word_1_266' title='bbox 479 2480 689 2533; x_wconf 90' lang='lat' dir='ltr'><strong><em>quomodo</em></strong></span> <span class='ocrx_word' id='word_1_267' title='bbox 719 2492 764 2522; x_wconf 89' lang='lat' dir='ltr'><strong><em>se</em></strong></span> <span class='ocrx_word' id='word_1_268' title='bbox 793 2480 836 2522; x_wconf 91' lang='lat' dir='ltr'><strong><em>in</em></strong></span> <span class='ocrx_word' id='word_1_269' title='bbox 867 2479 1034 2533; x_wconf 85' lang='lat' dir='ltr'><strong><em>dialogo</em></strong></span> <span class='ocrx_word' id='word_1_270' title='bbox 1072 2480 1329 2530; x_wconf 84' lang='lat' dir='ltr'><strong><em>„admodum</em></strong></span> <span class='ocrx_word' id='word_1_271' title='bbox 1352 2482 1571 2522; x_wconf 73' lang='lat' dir='ltr'><strong><em>iuvenem“</em></strong></span> 
     </span>
     <span class='ocr_line' id='line_1_37' title="bbox 132 2547 1571 2602; baseline 0 -13"><span class='ocrx_word' id='word_1_272' title='bbox 132 2548 369 2602; x_wconf 69' lang='lat' dir='ltr'><strong><em>,potuisset</em></strong></span> <span class='ocrx_word' id='word_1_273' title='bbox 397 2548 629 2598; x_wconf 87' lang='lat' dir='ltr'><strong><em>nominare,</em></strong></span> <span class='ocrx_word' id='word_1_274' title='bbox 659 2558 755 2590; x_wconf 92' lang='lat' dir='ltr'><strong><em>cum</em></strong></span> <span class='ocrx_word' id='word_1_275' title='bbox 786 2552 852 2590; x_wconf 90' lang='lat'><strong><em>33.</em></strong></span> <span class='ocrx_word' id='word_1_276' title='bbox 883 2547 949 2590; x_wconf 88' lang='lat' dir='ltr'><strong><em>vel</em></strong></span> <span class='ocrx_word' id='word_1_277' title='bbox 979 2552 1046 2590; x_wconf 84' lang='lat'><strong><em>35.</em></strong></span> <span class='ocrx_word' id='word_1_278' title='bbox 1076 2551 1222 2601; x_wconf 87' lang='lat' dir='ltr'><strong><em>ageret</em></strong></span> <span class='ocrx_word' id='word_1_279' title='bbox 1249 2559 1405 2589; x_wconf 87' lang='lat' dir='ltr'><strong><em>annum</em></strong></span> <span class='ocrx_word' id='word_1_280' title='bbox 1417 2547 1447 2588; x_wconf 45' lang='grc' dir='ltr'><strong><em>Ρ,</em></strong></span> <span class='ocrx_word' id='word_1_281' title='bbox 1467 2560 1571 2602; x_wconf 92' lang='lat' dir='ltr'><strong><em>quo-</em></strong></span> 
     </span>
     <span class='ocr_line' id='line_1_38' title="bbox 157 2607 1572 2668; baseline 0.001 -11"><span class='ocrx_word' id='word_1_282' title='bbox 157 2616 283 2657; x_wconf 91' lang='lat' dir='ltr'><strong><em>modo</em></strong></span> <span class='ocrx_word' id='word_1_283' title='bbox 312 2618 537 2668; x_wconf 87' lang='lat' dir='ltr'><strong><em>praeterea</em></strong></span> <span class='ocrx_word' id='word_1_284' title='bbox 566 2615 608 2657; x_wconf 92' lang='lat' dir='ltr'><strong><em>in</em></strong></span> <span class='ocrx_word' id='word_1_285' title='bbox 639 2614 737 2657; x_wconf 91' lang='lat' dir='ltr'><strong><em>inst.</em></strong></span> <span class='ocrx_word' id='word_1_286' title='bbox 768 2607 874 2657; x_wconf 85' lang='lat' dir='ltr'><strong><em>orat.</em></strong></span> <span class='ocrx_word' id='word_1_287' title='bbox 904 2614 955 2656; x_wconf 87' lang='lat' dir='ltr'><strong><em>X.</em></strong></span> <span class='ocrx_word' id='word_1_288' title='bbox 987 2619 1025 2657; x_wconf 90' lang='lat'><strong><em>3.</em></strong></span> <span class='ocrx_word' id='word_1_289' title='bbox 1051 2619 1114 2656; x_wconf 74' lang='lat'><strong><em>12.</em></strong></span> <span class='ocrx_word' id='word_1_290' title='bbox 1145 2614 1304 2657; x_wconf 90' lang='lat' dir='ltr'><strong><em>Julium</em></strong></span> <span class='ocrx_word' id='word_1_291' title='bbox 1335 2613 1572 2658; x_wconf 85' lang='lat' dir='ltr'><strong><em>Secundum</em></strong></span> 
     </span>
    </p>
   </div>
   <div class='ocr_carea' id='block_1_5' title="bbox 1537 6 1680 94">
    <p class='ocr_par' dir='ltr' id='par_1_7' title="bbox 1537 6 1680 94">
     <span class='ocr_line' id='line_1_39' title="bbox 1537 6 1680 94; baseline 0 0"><span class='ocrx_word' id='word_1_292' title='bbox 1537 6 1680 94; x_wconf 61' lang='grc' dir='ltr'><strong><em>έ </em></strong></span> 
     </span>
    </p>
   </div>
  </div>
 </body>
</html>
