1751 2767
0 179 7 198 ³
140 156 320 223 ’δῴητιτπ
347 173 465 216 redit
483 138 691 222 απίπτω“
717 173 821 227 Agr.
832 185 883 216 c
891 176 955 227 3.)
984 173 1110 217 dee'lo
1135 143 1395 230 yemalttqer
1402 162 1656 235 &3292-
1650 180 1746 271 ζμ

89 245 119 279 H
134 238 447 294 walmoden,-
493 255 545 283 so
585 240 693 285 dass
739 241 811 283 die
854 238 1175 297 eiqmtilmliclte
1216 233 1456 301 ρνᾱφτατττ
1484 234 1638 301 um!

155 309 394 352 ela-elicitae
429 308 574 351 ςείττες
611 304 901 352 tamon-ischa
938 310 1076 360 ςιίὶες,
1119 309 1198 351 wie
1234 309 1300 350 sie
1336 302 1484 370 yleiela
1521 306 1611 355 im

155 376 368 441 Agricola
396 375 488 428 απδ
515 377 559 423 in
589 375 672 419 der
702 375 938 419 Germania
968 376 1245 426 Ιιενυοττνία,
1289 376 1358 419 αις
1384 368 1492 419 δας
1496 385 1685 437 θοι
1743 384 1749 395 “

155 445 384 487 τπείπςαπτε
409 444 605 499 product
633 444 716 486 der
736 444 1012 500 anqebornen
1037 445 1277 501 geu-testare
1296 443 1389 487 und
1417 435 1498 494 dei·
1514 445 1580 491 ςίε
1662 464 1703 481 0

155 510 533 568 modificierenden
555 511 942 555 lebensschiclcsale
972 512 1050 554 des
1065 509 1320 572 versas-rere
1340 509 1605 571 απεωεῑκη,
1660 520 1751 579 ³}

155 580 250 621 ίςι“
307 604 351 608 -
394 577 507 621 Hinc
548 578 623 622 illa
665 579 829 633 tragica
871 579 1081 633 quaedam
1121 578 1318 622 dictionis
1360 568 1588 633 granditas
1672 585 1748 607 ³

156 648 200 688 et
229 645 446 697 severitas,
476 645 575 688 hinc
594 645 783 690 brevitas
811 645 885 689 illa
912 646 1065 700 putida
1084 649 1128 689 et
1147 649 1325 700 turgens
1345 638 1583 706 sententiis,

156 725 240 768 qua
277 712 394 755 velut
434 724 602 767 semper
638 713 823 767 repetito
866 716 910 755 et
944 725 1054 755 novo
1091 712 1217 767 pulsu
1256 716 1384 767 atque
1419 712 1583 768 impetu

156 779 292 823 lector
320 783 528 833 perpetuo
548 792 779 835 suspensus
809 783 853 823 et
881 780 1071 823 intentus
1090 782 1274 822 tenetur.
1317 779 1459 823 Facile
1480 791 1582 823 sane

156 846 410 901 intelligitur
454 847 584 890 talem
629 847 788 898 stilum,
833 847 953 891 cuius
991 859 1093 890 vera
1132 847 1374 901 proprietas
1411 858 1504 899 non⁴
1538 846 1583 891 in

157 916 314 958 aetatis
342 914 499 966 indole,
530 915 607 957 sed
634 915 682 957 in<
708 915 895 958 auctoris
923 914 1017 968 ipso
1045 913 1215 967 ingenio
1244 919 1289 958 et
1315 915 1411 969 ipsa
1433 913 1582 957 volun-

157 985 250 1026 tate
284 981 492 1025 collocata
512 983 589 1034 sit,
635 994 718 1024 non
753 981 908 1036 ubique
944 981 1026 1026 sibi
1060 983 1230 1026 omnino
1258 995 1406 1037 parem
1439 982 1582 1035 fuisse,

160 1050 237 1093 sed
257 1048 426 1093 diversa
452 1049 593 1092 stadia
621 1049 881 1102 percurrisse
902 1052 958 1100 et,
992 1052 1039 1092 ut
1054 1049 1321 1094 Weinkauffii
1352 1050 1437 1096 iam
1456 1043 1586 1107 supra

157 1116 324 1160 laudati
341 1115 484 1160 verbis
503 1119 613 1168 utar,
646 1116 814 1159 etiamsi
842 1115 998 1171 ubique
1028 1118 1209 1160 eundem
1233 1118 1409 1170 vultum,
1439 1120 1585 1161 tamen

157 1184 322 1227 varium
342 1183 525 1227 colorem
554 1195 655 1237 prae
676 1195 722 1226 se
741 1182 864 1226 ferre.
910 1183 968 1226 Et
996 1183 1189 1238 profecto
1215 1185 1405 1240 singulos
1423 1184 1585 1229 Tacitei

160 1251 248 1295 stili
265 1252 425 1306 gradus
440 1254 772 1294 commonstrare
785 1263 1024 1305 possumus.
1054 1251 1134 1295 Est
1153 1255 1297 1296 autem
1308 1252 1439 1296 series
1450 1251 1584 1306 scrip·-

163 1322 305 1362 torum
345 1318 614 1363 Taciteorum
650 1322 695 1362 et
729 1319 786 1361 ad
820 1321 1015 1372 tempora
1043 1322 1087 1361 et
1115 1320 1169 1362 ad
1197 1319 1286 1362 stili
1315 1331 1588 1374 progressum
1616 1327 1618 1329 ’
1656 1379 1661 1385 ⁶

160 1386 454 1429 ordinatorum
468 1385 645 1429 haecce:
681 1385 891 1439 Agricola,
906 1385 1146 1438 Germania,
1166 1386 1380 1438 historiae,
1397 1385 1584 1430 annales.

274 1454 337 1496 Ac
366 1452 578 1507 Agricola,
618 1453 691 1507 qui
720 1465 831 1496 anno
859 1447 958 1507 post
987 1453 1205 1497 Christum
1238 1456 1385 1497 natum
1416 1457 1482 1497 97.
1512 1464 1586 1508 exj

161 1524 289 1565 eunte
317 1521 385 1563 vel
413 1534 451 1563 a.
484 1525 550 1563 98.
591 1520 765 1564 ineunte
801 1520 1067 1574 conscriptus
1096 1525 1175 1573 est,
1205 1519 1587 1576 propinquissimus

161 1594 229 1635 est
257 1589 471 1645 prioribus
500 1589 638 1633 Taciti
667 1589 821 1632 studiis
850 1588 1089 1640 rhetoricis,
1120 1589 1257 1631 oratio
1276 1588 1415 1631 adhuc
1434 1587 1587 1632 laetior

161 1662 206 1701 et
235 1657 507 1708 commodior,
537 1658 703 1711 periodi
730 1657 941 1711 pleniores
969 1659 1013 1698 et
1037 1655 1321 1698 accuratiores
1341 1658 1441 1698 sunt
1459 1667 1586 1710 quam
1619 1664 1623 1667 ·

162 1726 206 1769 in
237 1724 436 1779 operibus
467 1724 750 1779 sequentibus.
810 1723 970 1766 Tamen
998 1723 1084 1765 iam
1104 1722 1308 1777 singulari
1325 1722 1525 1768 brevitati
1543 1722 1603 1767 in-

162 1793 349 1836 dictione
377 1795 422 1835 et
450 1792 491 1835 in
522 1792 836 1835 constructione
866 1794 909 1834 et
937 1791 980 1833 in
1010 1789 1353 1834 enunciationum
1377 1789 1588 1845 composi-

162 1862 279 1905 tione
317 1863 468 1903 auctor
504 1866 675 1913 operam
717 1859 810 1901 dat:
857 1871 993 1913 neque
1022 1858 1135 1900 enim
1165 1858 1320 1901 desunt
1349 1857 1588 1901 succinctae

163 1932 207 1972 et
236 1927 430 1971 concisae
459 1926 691 1981 figurarum
721 1929 765 1969 et
794 1925 1015 1969 verborum
1046 1925 1221 1980 species,
1251 1925 1314 1969 ita
1337 1929 1387 1969 ut
1404 1925 1587 1980 primum

162 2008 298 2039 novae
328 1994 497 2037 dicendi
525 1994 702 2037 rationis
721 1997 1042 2039 monumentum
1061 1994 1260 2048 Agricola
1278 1993 1498 2037 habendus
1517 1993 1586 2037 sit.

162 2064 214 2108 In
243 2062 444 2117 Agricola
481 2065 631 2105 auctor
666 2061 804 2105 adhuc
838 2061 881 2104 in
911 2061 1096 2104 transitu
1124 2064 1320 2107 versatur
1348 2061 1403 2104 ad
1432 2073 1587 2104 novum

163 2130 322 2181 stilum,
342 2129 407 2172 ita
426 2129 608 2183 quidem,
629 2132 678 2172 ut
697 2129 783 2171 iam
802 2129 945 2183 potius
964 2129 1008 2172 in
1027 2129 1138 2172 hunc
1158 2129 1341 2180 inclinet,
1363 2129 1440 2172 sed
1459 2129 1589 2173 etiam

162 2199 353 2254 priorum
384 2197 623 2242 studiorum
653 2197 696 2241 in
724 2197 916 2252 vestigiis
941 2210 1025 2241 non
1044 2195 1150 2239 nihil
1167 2196 1354 2241 haereat.
1414 2196 1506 2248 Quo
1525 2195 1587 2248 fit,

163 2279 273 2318 reor,
303 2269 354 2308 ut
382 2268 476 2308 tota
504 2264 635 2307 dictio
659 2264 790 2308 etiam'
817 2264 1078 2308 subobscura
1106 2264 1163 2308 sit
1181 2276 1258 2308 nec
1278 2264 1384 2308 satis
1404 2263 1590 2307 dilucida

164 2337 209 2378 et
243 2333 382 2389 plana.
441 2332 499 2376 Et
535 2332 708 2377 Tacitus
744 2334 789 2377 in
817 2333 1041 2388 Agricolae
1075 2333 1291 2388 prooemio
1320 2332 1413 2387 ipse
1441 2345 1488 2377 se
1516 2345 1589 2377 ex-

164 2412 316 2445 cusare
328 2400 512 2452 videtur,
533 2400 648 2455 quod
662 2412 886 2444 nervosum
902 2400 1116 2456 quoddam
1131 2404 1175 2443 et
1184 2399 1405 2443 robustum
1421 2399 1592 2444 dicendi
1671 2391 1709 2463 J,

164 2480 301 2524 genus
329 2468 604 2523 quaesiverit:
635 2470 888 2519 „incondita
918 2470 1026 2512 enim
1046 2482 1102 2510 ac
1119 2469 1247 2511 rudis
1266 2471 1380 2511 vox“
1399 2468 1592 2513 iam‘non
1665 2468 1751 2520 155⁷*

164 2535 320 2579 idonea
340 2538 436 2579 erat
464 2536 521 2579 ad
550 2535 787 2579 orationem
816 2534 948 2580 libere
977 2539 1021 2580 et
1051 2534 1277 2580 artificiose
1307 2534 1589 2581 excolendam.
1627 2593 1629 2595 Ι
1655 2590 1664 2597 ‚.
