1751 2767
50 0 293 29 W,g·³‘*.<‡*⁹
306 19 311 23 .
330 0 339 13 '¹
392 4 406 11 ⁸
438 4 441 6 ’
468 11 471 13 ’
522 7 534 12 “’
555 1 559 3 μ
581 4 586 9 '
633 2 651 11 ²*
671 20 676 24 ,
754 4 770 19 “-
895 12 899 14 “
1266 6 1273 9 ⁴
1337 6 1343 9 ἵ
1397 4 1400 8 ⁴
1602 8 1606 9 ⁷
1640 18 1643 19 ⁷
1668 7 1671 25 Ξ
1688 12 1720 23 ”““
1737 0 1750 18 “’

0 66 18 81 ”“
28 57 93 87 §7¹⁴⁴st
102 56 128 63 v
177 85 181 87 .
234 62 250 71 *v
865 62 870 64 μ
1492 64 1496 69 ’

128 142 302 205 texunt,
333 157 383 197 ut
410 152 483 196 alii
511 152 641 195 alium
670 149 831 204 eligant
858 151 911 192 ex'
938 150 1167 203 argenteae
1185 148 1414 191 latinitatis
1433 148 1567 202 scrip-

0 204 55 225 ³
124 274 126 276 ¹
147 212 323 266 tinibus
340 220 501 274 dialogi
526 222 756 262 auctorem.
813 218 965 271 Itaque
993 217 1078 259 ia'm
1107 228 1262 270 operae
1291 215 1475 270 pretium
1501 219 1569 258 est

112 316 122 327 2
147 286 284 333 totam
323 289 377 332 d'e
411 287 581 343 dialogo
616 286 906 340 quaestionem
942 285 1129 327 nondum
1158 283 1394 327 confectam
1425 284 1566 328 denuo

145 368 314 399 movere
356 359 401 398 et
443 354 632 408 singulas
676 353 911 396 sententias
953 352 1033 394 hac
1076 351 1119 393 in
1154 364 1200 393 re
1234 351 1424 404 prolatas
1459 363 1566 405 puro

145 414 303 466 iudicio
331 422 571 466 examinare
601 423 645 463 et
674 420 900 474 diligenter
929 419 1070 462 animo
1098 419 1372 472 perpendere.

258 491 399 545 Atque
418 485 602 543 primum
622 487 792 542 quidem
812 487 1045 537 videamus,
1068 497 1277 539 quaenam
1298 485 1384 528 sint
1399 497 1564 536 causae,

33 565 43 573 ‘
97 576 100 577 ⁷
145 563 221 600 cur
247 557 329 599 viri
356 556 473 599 docti
501 557 582 599 hac
601 555 644 598 in
665 554 931 597 dubitatione
951 553 1169 596 haeserint
1197 556 1326 607 atque
1345 553 1563 595 haereant.

143 624 291 678 Neque
334 624 446 666 enim
491 623 580 665 sine
623 621 792 664 nomine
828 620 1016 663 auctoris
1052 620 1220 662 libellus
1257 620 1444 662 traditus
1473 624 1562 671 est,-

144 690 221 734 sed
263 691 311 735 in
348 689 542 744 plurimis
585 688 800 732 codicibus
841 687 1141 741 manuscriptis
1182 711 1237 717 —-
1282 691 1382 730 sunt
1420 691 1567 747 autem

143 761 352 813 quotquot
396 757 589 800 novimus
635 756 843 807 undecim,
884 756 927 798 in
967 754 1118 810 quibus
1147 755 1260 798 inest
1288 779 1343 785 —-
1378 755 1446 798 vel
1478 767 1564 797 una

143 837 238 869 cum
268 825 406 868 Taciti
433 824 554 867 libris
583 824 797 867 historicis
816 823 1078 877 perscriptus
1098 828 1166 866 est
1185 824 1251 866 vel
1271 824 1397 866 titulo
1422 823 1561 877 ipsum

142 899 294 936 nomen
342 896 409 936 est
457 892 651 935 additum
695 891 884 934 auctoris
923 891 1105 934 Cornelii
1158 891 1307 943 Taciti,
1360 891 1563 946 perpauci

142 964 358 1003 auctorem
393 971 476 1002 non
512 964 867 1010 commemorant;
916 959 1028 1012 quod
1067 971 1167 1000 vero
1207 959 1249 1000 in
1294 971 1377 1000 uno
1416 959 1562 1001 codice

141 1027 470 1086 vindobonensi,
513 1027 585 1082 qui
628 1025 785 1068 nullius
828 1025 1048 1078 scriptoris
1091 1025 1321 1079 quidquam
1371 1025 1562 1068 continet

140 1096 230 1137 nisi·
257 1096 394 1137 Taciti
430 1107 571 1147 opera,
609 1093 857 1143 Quintiliam
901 1106 1052 1135 nomen
1081 1094 1209 1146 idque
1247 1107 1374 1135 manu
1412 1106 1560 1136 recen-

141 1164 249 1206 tiore
289 1162 599 1217 praescriptum
636 1164 714 1212 est,
753 1159 910 1202 nullius
947 1163 1014 1202 est
1050 1159 1273 1202 momenti:
1327 1172 1424 1202 nam
1465 1171 1560 1202 cum

142 1231 279 1273 Taciti
325 1231 503 1273 editioni
543 1229 724 1283 principi
768 1241 794 1269 a
822 1227 1049 1269 Vindelino
1093 1227 1281 1280 Spirensi
1327 1229 1558 1270 secundum

141 1297 260 1340 illum
291 1297 478 1340 codicem
508 1296 875 1339 vindobonensem
905 1294 1016 1337 cirea
1051 1306 1208 1336 annum
1242 1299 1361 1337 1470.
1383 1298 1559 1348 paratae

143 1366 338 1418 dialogus
374 1369 424 1407 ut
463 1364 599 1406 Taciti
629 1363 876 1416 opusculum
911 1363 1096 1404 insertus
1133 1363 1202 1412 sit,
1233 1363 1425 1416 sequitur
1453 1363 1559 1405 illud

142 1432 391 1483 Quintiliani
418 1443 571 1475 nomen
599 1430 835 1485 posteriore
864 1433 1056 1482 tempore
1075 1441 1169 1472 esse
1188 1429 1444 1483 appositum,
1475 1442 1558 1484 quo

142 1499 430 1541 dubitationes
458 1499 513 1540 de
542 1501 714 1540 auctore
734 1498 819 1539 iam
840 1497 1104 1538 exstiterant.
1165 1497 1326 1547 Quibus
1356 1498 1558 1550 expositis

141 1567 410 1621 cognoscitur
444 1579 495 1609 ex
529 1566 759 1609 traditione
794 1563 952 1618 dialogi
990 1577 1073 1606 non
1112 1576 1205 1607 esse
1240 1564 1415 1607 dubium
1455 1577 1557 1607 auc-

139 1638 290 1676 torem.
349 1634 470 1676 Aliae
503 1634 635 1687 igitur
670 1636 769 1675 sunt
799 1644 965 1682 causae,
998 1632 1150 1685 quibus
1180 1633 1381 1674 commoti
1411 1632 1557 1674 Tacito

139 1701 326 1744 libellum
357 1714 450 1745 esse
477 1701 804 1744 abiudicandum
828 1699 909 1741 viri
929 1699 1045 1742 docti
1074 1704 1346 1742 censuerunt:
1388 1704 1432 1742 et
1458 1704 1557 1742 sunt

140 1769 183 1810 in
219 1768 360 1810 libello
403 1768 509 1821 ipso,
570 1768 667 1810 Stili
709 1767 820 1809 enim
863 1766 1090 1809 diversitas
1134 1768 1280 1810 multis
1323 1772 1409 1809 tam
1450 1768 1558 1810 mira

139 1835 308 1879 videtur
347 1839 391 1878 et
424 1835 615 1890 insignis,
652 1839 701 1878 ut
739 1848 765 1877 a
805 1847 849 1877 se
891 1847 974 1877 non
1019 1835 1185 1888 possint
1227 1835 1468 1888 impetrare,
1509 1840 1558 1878 ut

140 1903 319 1945 eundem
350 1903 542 1945 Tacitum
581 1905 815 1956 agnoscant
853 1905 1091 1952 auctorem;
1131 1902 1235 1944 haec
1263 1902 1461 1956 princeps
1492 1907 1558 1945 est

140 1983 268 2013 causa
296 1970 474 2012 ista-rum
504 1971 830 2021 dubitationum,
862 1969 967 2012 alias
997 1969 1149 2012 deinde
1169 1969 1339 2012 aliunde
1365 1970 1555 2022 afferunt,

60 2060 66 2062 -
139 2037 290 2092 quibus
320 2038 559 2092 opinionem
588 2039 770 2081 firment.

251 2107 317 2149 Ad
347 2106 662 2150 reformationis
682 2106 993 2150 ecclesiasticae
1012 2109 1196 2148 aetatem
1221 2119 1355 2160 usque
1375 2119 1427 2148 ne
1447 2119 1556 2150 unus

139 2173 309 2227 quidem
349 2174 414 2216 vir
455 2175 608 2216 doctus
648 2174 841 2216 Tacitum
889 2186 971 2215 non
1011 2185 1103 2214 esse
1146 2173 1304 2227 dialogi
1339 2180 1554 2216 auctorem

139 2240 344 2294 cogitavit
374 2242 528 2295 (neque
557 2242 602 2284 id
631 2246 698 2284 est
728 2242 840 2295 quod
869 2241 1054 2292 mireris:
1096 2254 1231 2294 neque
1251 2242 1361 2283 enim
1383 2242 1554 2284 Tacitus

138 2307 222 2350 illis
267 2308 532 2366 temporibus!
576 2306 822 2361 diligentius
865 2308 1134 2350 tractabatur
1178 2320 1312 2361 neque
1362 2308 1554 2362 dialogus

137 2375 230 2429 ipse
267 2374 352 2418 iam
393 2375 465 2418 diu
502 2388 553 2418 ex
582 2375 802 2419 oblivionis
837 2375 1096 2419 obscuritate
1125 2375 1168 2418 in
1198 2375 1333 2418 lucem
1363 2375 1553 2428 prolatus

139 2443 272 2495 erat);
313 2443 389 2484 sed
418 2446 509 2484 tum
540 2444 676 2485 secuti
705 2448 806 2486 sunt
833 2443 1076 2485 traditionis
1099 2443 1409 2492 auctoritatem,
1441 2445 1553 2496 quod

139 2502 318 2563 apparet
361 2509 583 2563 Pomponii
629 2510 772 2553 Sabini
817 2511 1074 2560 testimonio,
1125 2509 1239 2552 docti
1285 2510 1553 2563 grammatici

139 2577 274 2619 altero
313 2576 471 2618 saeculi
505 2577 595 2618 XV.
638 2578 812 2620 dimidio
852 2578 1063 2629 florentis3
1099 2578 1135 2619 is
1173 2577 1285 2618 enim
1313 2578 1550 2620 Cornelium
