<?xml version="1.0" encoding="UTF-8"?>
<!DOCTYPE html PUBLIC "-//W3C//DTD XHTML 1.0 Transitional//EN"
    "http://www.w3.org/TR/xhtml1/DTD/xhtml1-transitional.dtd">
<html xmlns="http://www.w3.org/1999/xhtml" xml:lang="en" lang="en">
 <head>
  <title>
</title>
<meta http-equiv="Content-Type" content="text/html;charset=utf-8" />
  <meta name='ocr-system' content='tesseract 3.04.00' />
  <meta name='ocr-capabilities' content='ocr_page ocr_carea ocr_par ocr_line ocrx_word'/>
</head>
<body>
  <div class='ocr_page' id='page_1' title='image "4738047_0010.png"; bbox 0 0 1751 2767; ppageno 0'>
   <div class='ocr_carea' id='block_1_1' title="bbox 0 0 504 105">
    <p class='ocr_par' dir='ltr' id='par_1_1' title="bbox 0 0 504 105">
     <span class='ocr_line' id='line_1_1' title="bbox 0 0 504 34; baseline 0 -15"><span class='ocrx_word' id='word_1_1' title='bbox 0 0 11 34; x_wconf 47' lang='grc' dir='ltr'><strong>’ἶ</strong></span> <span class='ocrx_word' id='word_1_2' title='bbox 29 0 67 22; x_wconf 61' lang='grc'><strong>’-”.’”,““</strong></span> <span class='ocrx_word' id='word_1_3' title='bbox 99 7 135 22; x_wconf 56' lang='lat'><strong>17„</strong></span> <span class='ocrx_word' id='word_1_4' title='bbox 156 4 173 21; x_wconf 48' lang='grc' dir='ltr'><strong>’ἦ</strong></span> <span class='ocrx_word' id='word_1_5' title='bbox 206 7 209 12; x_wconf 87' lang='grc'><strong><em>·</em></strong></span> <span class='ocrx_word' id='word_1_6' title='bbox 238 13 242 16; x_wconf 65' lang='grc'><em>»</em></span> <span class='ocrx_word' id='word_1_7' title='bbox 276 7 286 20; x_wconf 72' lang='grc'><strong>-,</strong></span> <span class='ocrx_word' id='word_1_8' title='bbox 349 12 351 16; x_wconf 51' lang='lat'>1</span> <span class='ocrx_word' id='word_1_9' title='bbox 376 1 383 5; x_wconf 81' lang='lat'><em>‘</em></span> <span class='ocrx_word' id='word_1_10' title='bbox 423 14 427 19; x_wconf 87' lang='grc'><strong><em>,</em></strong></span> <span class='ocrx_word' id='word_1_11' title='bbox 498 2 504 6; x_wconf 83' lang='grc'><em>“</em></span> 
     </span>
     <span class='ocr_line' id='line_1_2' title="bbox 0 40 371 64; baseline 0.003 -5"><span class='ocrx_word' id='word_1_12' title='bbox 0 46 15 64; x_wconf 74' lang='grc' dir='ltr'><strong>,ῖ</strong></span> <span class='ocrx_word' id='word_1_13' title='bbox 51 43 84 60; x_wconf 49' lang='grc' dir='ltr'><strong>ἃ*</strong></span> <span class='ocrx_word' id='word_1_14' title='bbox 114 51 118 53; x_wconf 65' lang='lat'><strong>&gt;</strong></span> <span class='ocrx_word' id='word_1_15' title='bbox 146 40 164 48; x_wconf 82' lang='grc'><strong>“’</strong></span> <span class='ocrx_word' id='word_1_16' title='bbox 222 56 225 58; x_wconf 82' lang='grc'>.</span> <span class='ocrx_word' id='word_1_17' title='bbox 257 46 260 49; x_wconf 84' lang='grc'><strong><em>·</em></strong></span> <span class='ocrx_word' id='word_1_18' title='bbox 296 50 300 53; x_wconf 56' lang='lat'><strong>⁴</strong></span> <span class='ocrx_word' id='word_1_19' title='bbox 369 48 371 50; x_wconf 86' lang='lat'>·</span> 
     </span>
     <span class='ocr_line' id='line_1_3' title="bbox 49 52 194 105; baseline 0.007 -1"><span class='ocrx_word' id='word_1_20' title='bbox 49 97 58 104; x_wconf 63' lang='grc'>,</span> <span class='ocrx_word' id='word_1_21' title='bbox 113 96 117 100; x_wconf 94' lang='grc'><em>.</em></span> <span class='ocrx_word' id='word_1_22' title='bbox 161 52 194 105; x_wconf 72' lang='grc'>4</span> 
     </span>
    </p>
   </div>
   <div class='ocr_carea' id='block_1_2' title="bbox 1648 0 1751 203">
    <p class='ocr_par' dir='ltr' id='par_1_2' title="bbox 1648 0 1751 203">
     <span class='ocr_line' id='line_1_4' title="bbox 1648 0 1751 203; baseline 0 2564"><span class='ocrx_word' id='word_1_23' title='bbox 1648 0 1751 203; x_wconf 95' lang='lat' dir='ltr'><strong> </strong></span> 
     </span>
    </p>
   </div>
   <div class='ocr_carea' id='block_1_3' title="bbox 150 176 1751 386">
    <p class='ocr_par' dir='ltr' id='par_1_3' title="bbox 150 176 1751 386">
     <span class='ocr_line' id='line_1_5' title="bbox 150 176 1751 250; baseline 0.001 -16"><span class='ocrx_word' id='word_1_24' title='bbox 150 176 252 235; x_wconf 79' lang='lat' dir='ltr'><strong>sine</strong></span> <span class='ocrx_word' id='word_1_25' title='bbox 295 191 383 234; x_wconf 89' lang='lat' dir='ltr'><strong>ullo</strong></span> <span class='ocrx_word' id='word_1_26' title='bbox 425 191 601 235; x_wconf 91' lang='lat' dir='ltr'><strong>consilio</strong></span> <span class='ocrx_word' id='word_1_27' title='bbox 640 203 690 234; x_wconf 92' lang='lat' dir='ltr'><strong>ac</strong></span> <span class='ocrx_word' id='word_1_28' title='bbox 728 190 896 234; x_wconf 91' lang='lat' dir='ltr'><strong>ratione</strong></span> <span class='ocrx_word' id='word_1_29' title='bbox 935 191 1033 235; x_wconf 90' lang='lat' dir='ltr'><strong>hinc</strong></span> <span class='ocrx_word' id='word_1_30' title='bbox 1056 238 1058 241; x_wconf 52' lang='grc'>,</span> <span class='ocrx_word' id='word_1_31' title='bbox 1078 191 1209 244; x_wconf 61' lang='grc' dir='ltr'><strong>ἱΙΙίιιςιι</strong></span> <span class='ocrx_word' id='word_1_32' title='bbox 1232 188 1504 236; x_wconf 69' lang='lat' dir='ltr'><strong>collectarum</strong></span> <span class='ocrx_word' id='word_1_33' title='bbox 1542 193 1586 238; x_wconf 82' lang='lat' dir='ltr'><strong>et</strong></span> <span class='ocrx_word' id='word_1_34' title='bbox 1678 196 1685 213; x_wconf 72' lang='lat'><em>²</em></span> <span class='ocrx_word' id='word_1_35' title='bbox 1698 178 1751 250; x_wconf 55' lang='grc' dir='ltr'><strong>’.ζ-,ξ</strong></span> 
     </span>
     <span class='ocr_line' id='line_1_6' title="bbox 160 252 1738 324; baseline -0.001 -22"><span class='ocrx_word' id='word_1_36' title='bbox 160 257 513 313; x_wconf 88' lang='lat' dir='ltr'><strong>conscriptarum,</strong></span> <span class='ocrx_word' id='word_1_37' title='bbox 533 264 650 302; x_wconf 84' lang='lat' dir='ltr'><strong>&#39;cum</strong></span> <span class='ocrx_word' id='word_1_38' title='bbox 685 259 799 309; x_wconf 89' lang='lat' dir='ltr'><strong>inter</strong></span> <span class='ocrx_word' id='word_1_39' title='bbox 835 271 983 303; x_wconf 87' lang='lat' dir='ltr'><strong>omnes</strong></span> <span class='ocrx_word' id='word_1_40' title='bbox 1008 262 1194 302; x_wconf 81' lang='lat' dir='ltr'><strong>constet</strong></span> <span class='ocrx_word' id='word_1_41' title='bbox 1236 252 1664 324; x_wconf 29' lang='lat' dir='ltr'><strong>compositionemt&#39;&#39;†“</strong></span> <span class='ocrx_word' id='word_1_42' title='bbox 1701 309 1738 317; x_wconf 29' lang='grc' dir='ltr'><strong><em>ι</em></strong></span> 
     </span>
     <span class='ocr_line' id='line_1_7' title="bbox 161 325 1751 386; baseline -0.001 -17"><span class='ocrx_word' id='word_1_43' title='bbox 161 330 206 369; x_wconf 90' lang='lat' dir='ltr'><strong>et</strong></span> <span class='ocrx_word' id='word_1_44' title='bbox 235 327 595 369; x_wconf 80' lang='lat' dir='ltr'><strong>constructionem</strong></span> <span class='ocrx_word' id='word_1_45' title='bbox 621 327 930 369; x_wconf 86' lang='lat' dir='ltr'><strong>sententiarum</strong></span> <span class='ocrx_word' id='word_1_46' title='bbox 960 327 1004 369; x_wconf 92' lang='lat' dir='ltr'><strong>in</strong></span> <span class='ocrx_word' id='word_1_47' title='bbox 1034 339 1086 370; x_wconf 86' lang='lat' dir='ltr'><strong>ea</strong></span> <span class='ocrx_word' id='word_1_48' title='bbox 1113 339 1198 381; x_wconf 80' lang='lat' dir='ltr'><strong>non</strong></span> <span class='ocrx_word' id='word_1_49' title='bbox 1229 338 1323 369; x_wconf 89' lang='lat' dir='ltr'><strong>esse</strong></span> <span class='ocrx_word' id='word_1_50' title='bbox 1351 325 1586 378; x_wconf 82' lang='lat' dir='ltr'><strong>fortuitam,</strong></span> <span class='ocrx_word' id='word_1_51' title='bbox 1642 334 1667 386; x_wconf 40' lang='lat' dir='ltr'><em>s</em></span> <span class='ocrx_word' id='word_1_52' title='bbox 1702 325 1751 383; x_wconf 46' lang='lat'><strong>{⁸3⁷</strong></span> 
     </span>
    </p>
   </div>
   <div class='ocr_carea' id='block_1_4' title="bbox 160 392 1636 787">
    <p class='ocr_par' dir='ltr' id='par_1_4' title="bbox 160 392 1636 787">
     <span class='ocr_line' id='line_1_8' title="bbox 161 392 1615 455; baseline 0.002 -19"><span class='ocrx_word' id='word_1_53' title='bbox 161 394 239 437; x_wconf 86' lang='lat' dir='ltr'><strong>sed</strong></span> <span class='ocrx_word' id='word_1_54' title='bbox 281 397 399 437; x_wconf 90' lang='lat' dir='ltr'><strong>certo</strong></span> <span class='ocrx_word' id='word_1_55' title='bbox 443 398 487 437; x_wconf 91' lang='lat' dir='ltr'><strong>et</strong></span> <span class='ocrx_word' id='word_1_56' title='bbox 530 393 692 447; x_wconf 89' lang='lat' dir='ltr'><strong>optimo</strong></span> <span class='ocrx_word' id='word_1_57' title='bbox 736 393 911 437; x_wconf 84' lang='lat' dir='ltr'><strong>consilio</strong></span> <span class='ocrx_word' id='word_1_58' title='bbox 955 393 1211 437; x_wconf 88' lang='lat' dir='ltr'><strong>institutam.</strong></span> <span class='ocrx_word' id='word_1_59' title='bbox 1272 392 1449 455; x_wconf 80' lang='lat' dir='ltr'><strong>Semper</strong></span> <span class='ocrx_word' id='word_1_60' title='bbox 1485 402 1615 439; x_wconf 25' lang='lat' dir='ltr'><strong>vero}</strong></span> 
     </span>
     <span class='ocr_line' id='line_1_9' title="bbox 160 458 1636 514; baseline -0.001 -11"><span class='ocrx_word' id='word_1_61' title='bbox 160 461 271 504; x_wconf 87' lang='lat' dir='ltr'><strong>tales</strong></span> <span class='ocrx_word' id='word_1_62' title='bbox 309 473 475 504; x_wconf 90' lang='lat' dir='ltr'><strong>errores</strong></span> <span class='ocrx_word' id='word_1_63' title='bbox 513 461 722 504; x_wconf 84' lang='lat' dir='ltr'><strong>rarissimi</strong></span> <span class='ocrx_word' id='word_1_64' title='bbox 761 465 882 512; x_wconf 88' lang='lat' dir='ltr'><strong>sunt;</strong></span> <span class='ocrx_word' id='word_1_65' title='bbox 929 464 974 504; x_wconf 92' lang='lat' dir='ltr'><strong>et</strong></span> <span class='ocrx_word' id='word_1_66' title='bbox 1009 465 1059 504; x_wconf 93' lang='lat' dir='ltr'><strong>ut</strong></span> <span class='ocrx_word' id='word_1_67' title='bbox 1097 460 1256 504; x_wconf 88' lang='lat' dir='ltr'><strong>nostris</strong></span> <span class='ocrx_word' id='word_1_68' title='bbox 1286 458 1435 503; x_wconf 86' lang='lat' dir='ltr'><strong>diebus</strong></span> <span class='ocrx_word' id='word_1_69' title='bbox 1463 459 1588 514; x_wconf 88' lang='lat' dir='ltr'><strong>pauci</strong></span> <span class='ocrx_word' id='word_1_70' title='bbox 1625 484 1636 491; x_wconf 92' lang='lat'><strong>·</strong></span> 
     </span>
     <span class='ocr_line' id='line_1_10' title="bbox 161 525 1592 583; baseline -0.001 -13"><span class='ocrx_word' id='word_1_71' title='bbox 161 532 276 580; x_wconf 90' lang='lat' dir='ltr'><strong>sunt,</strong></span> <span class='ocrx_word' id='word_1_72' title='bbox 313 529 386 583; x_wconf 90' lang='lat' dir='ltr'><strong>qui</strong></span> <span class='ocrx_word' id='word_1_73' title='bbox 419 528 586 571; x_wconf 91' lang='lat' dir='ltr'><strong>Ludeni</strong></span> <span class='ocrx_word' id='word_1_74' title='bbox 623 528 750 570; x_wconf 86' lang='lat' dir='ltr'><strong>istam</strong></span> <span class='ocrx_word' id='word_1_75' title='bbox 780 528 1021 582; x_wconf 91' lang='lat' dir='ltr'><strong>opinionem</strong></span> <span class='ocrx_word' id='word_1_76' title='bbox 1050 528 1316 570; x_wconf 80' lang='lat' dir='ltr'><strong>admirentur</strong></span> <span class='ocrx_word' id='word_1_77' title='bbox 1344 527 1411 569; x_wconf 87' lang='lat' dir='ltr'><strong>vel</strong></span> <span class='ocrx_word' id='word_1_78' title='bbox 1440 525 1592 569; x_wconf 78' lang='lat' dir='ltr'><strong>defen—</strong></span> 
     </span>
     <span class='ocr_line' id='line_1_11' title="bbox 161 594 1588 653; baseline 0 -16"><span class='ocrx_word' id='word_1_79' title='bbox 161 595 281 647; x_wconf 87' lang='lat' dir='ltr'><strong>dant,</strong></span> <span class='ocrx_word' id='word_1_80' title='bbox 313 596 374 637; x_wconf 89' lang='lat' dir='ltr'><strong>sic</strong></span> <span class='ocrx_word' id='word_1_81' title='bbox 394 595 449 637; x_wconf 90' lang='lat' dir='ltr'><strong>de</strong></span> <span class='ocrx_word' id='word_1_82' title='bbox 468 595 595 637; x_wconf 89' lang='lat' dir='ltr'><strong>laude</strong></span> <span class='ocrx_word' id='word_1_83' title='bbox 615 595 775 649; x_wconf 80' lang='lat' dir='ltr'><strong>dialogi</strong></span> <span class='ocrx_word' id='word_1_84' title='bbox 800 597 853 639; x_wconf 90' lang='lat' dir='ltr'><strong>de</strong></span> <span class='ocrx_word' id='word_1_85' title='bbox 875 595 1137 647; x_wconf 79' lang='lat' dir='ltr'><strong>oratoribus,</strong></span> <span class='ocrx_word' id='word_1_86' title='bbox 1164 596 1373 645; x_wconf 80' lang='lat' dir='ltr'><strong>„aureoli</strong></span> <span class='ocrx_word' id='word_1_87' title='bbox 1402 594 1588 653; x_wconf 55' lang='lat' dir='ltr'><strong>libellis?</strong></span> 
     </span>
     <span class='ocr_line' id='line_1_12' title="bbox 161 661 1587 717; baseline -0.001 -13"><span class='ocrx_word' id='word_1_88' title='bbox 161 665 204 704; x_wconf 91' lang='lat' dir='ltr'><strong>et</strong></span> <span class='ocrx_word' id='word_1_89' title='bbox 236 662 273 704; x_wconf 92' lang='lat' dir='ltr'><strong>si</strong></span> <span class='ocrx_word' id='word_1_90' title='bbox 302 674 385 704; x_wconf 93' lang='lat' dir='ltr'><strong>non</strong></span> <span class='ocrx_word' id='word_1_91' title='bbox 414 662 582 716; x_wconf 89' lang='lat' dir='ltr'><strong>integra</strong></span> <span class='ocrx_word' id='word_1_92' title='bbox 611 665 655 705; x_wconf 90' lang='lat' dir='ltr'><strong>et</strong></span> <span class='ocrx_word' id='word_1_93' title='bbox 681 662 928 717; x_wconf 90' lang='lat' dir='ltr'><strong>incorrupta</strong></span> <span class='ocrx_word' id='word_1_94' title='bbox 957 662 1094 705; x_wconf 89' lang='lat' dir='ltr'><strong>forma</strong></span> <span class='ocrx_word' id='word_1_95' title='bbox 1123 661 1295 713; x_wconf 86' lang='lat' dir='ltr'><strong>servati,</strong></span> <span class='ocrx_word' id='word_1_96' title='bbox 1326 661 1411 703; x_wconf 88' lang='lat' dir='ltr'><strong>iam</strong></span> <span class='ocrx_word' id='word_1_97' title='bbox 1441 672 1587 703; x_wconf 87' lang='lat' dir='ltr'><strong>omnes</strong></span> 
     </span>
     <span class='ocr_line' id='line_1_13' title="bbox 160 728 1586 787; baseline -0.001 -15"><span class='ocrx_word' id='word_1_98' title='bbox 160 729 249 772; x_wconf 87' lang='lat' dir='ltr'><strong>fere</strong></span> <span class='ocrx_word' id='word_1_99' title='bbox 279 729 569 787; x_wconf 88' lang='lat' dir='ltr'><strong>consentiunt;</strong></span> <span class='ocrx_word' id='word_1_100' title='bbox 610 742 746 785; x_wconf 91' lang='lat' dir='ltr'><strong>neque</strong></span> <span class='ocrx_word' id='word_1_101' title='bbox 776 735 934 783; x_wconf 86' lang='lat' dir='ltr'><strong>errant,</strong></span> <span class='ocrx_word' id='word_1_102' title='bbox 965 743 1075 783; x_wconf 90' lang='lat' dir='ltr'><strong>reor,</strong></span> <span class='ocrx_word' id='word_1_103' title='bbox 1106 731 1178 784; x_wconf 90' lang='lat' dir='ltr'><strong>qui</strong></span> <span class='ocrx_word' id='word_1_104' title='bbox 1202 742 1280 784; x_wconf 91' lang='lat' dir='ltr'><strong>pro</strong></span> <span class='ocrx_word' id='word_1_105' title='bbox 1301 729 1514 773; x_wconf 89' lang='lat' dir='ltr'><strong>communi</strong></span> <span class='ocrx_word' id='word_1_106' title='bbox 1532 728 1586 771; x_wconf 91' lang='lat' dir='ltr'><strong>de</strong></span> 
     </span>
    </p>
   </div>
   <div class='ocr_carea' id='block_1_5' title="bbox 161 795 1665 853">
    <p class='ocr_par' dir='ltr' id='par_1_5' title="bbox 161 795 1665 853">
     <span class='ocr_line' id='line_1_14' title="bbox 161 795 1665 853; baseline 0.001 -14"><span class='ocrx_word' id='word_1_107' title='bbox 161 797 233 839; x_wconf 91' lang='lat' dir='ltr'><strong>illo</strong></span> <span class='ocrx_word' id='word_1_108' title='bbox 276 796 418 839; x_wconf 91' lang='lat' dir='ltr'><strong>libello</strong></span> <span class='ocrx_word' id='word_1_109' title='bbox 462 797 649 844; x_wconf 87' lang='lat' dir='ltr'><strong>omnium</strong></span> <span class='ocrx_word' id='word_1_110' title='bbox 692 798 849 841; x_wconf 90' lang='lat' dir='ltr'><strong>iudicio</strong></span> <span class='ocrx_word' id='word_1_111' title='bbox 892 801 1057 853; x_wconf 89' lang='lat' dir='ltr'><strong>ponunt</strong></span> <span class='ocrx_word' id='word_1_112' title='bbox 1094 797 1198 839; x_wconf 78' lang='lat' dir='ltr'><strong>haec</strong></span> <span class='ocrx_word' id='word_1_113' title='bbox 1241 796 1509 850; x_wconf 87' lang='lat' dir='ltr'><strong>Bernhardyi</strong></span> <span class='ocrx_word' id='word_1_114' title='bbox 1542 795 1586 841; x_wconf 86' lang='lat' dir='ltr'><strong>in</strong></span> <span class='ocrx_word' id='word_1_115' title='bbox 1662 802 1665 803; x_wconf 72' lang='grc'>’</span> 
     </span>
    </p>
   </div>
   <div class='ocr_carea' id='block_1_6' title="bbox 155 863 1641 2674">
    <p class='ocr_par' dir='ltr' id='par_1_6' title="bbox 155 863 1589 1932">
     <span class='ocr_line' id='line_1_15' title="bbox 161 863 1584 921; baseline -0.001 -14"><span class='ocrx_word' id='word_1_116' title='bbox 161 866 432 921; x_wconf 75' lang='lat' dir='ltr'><strong>„ymmdriss</strong></span> <span class='ocrx_word' id='word_1_117' title='bbox 460 865 541 907; x_wconf 82' lang='lat' dir='ltr'><strong>der</strong></span> <span class='ocrx_word' id='word_1_118' title='bbox 568 868 672 907; x_wconf 67' lang='lat' dir='ltr'><strong>rom.</strong></span> <span class='ocrx_word' id='word_1_119' title='bbox 704 867 962 909; x_wconf 76' lang='lat' dir='ltr'><strong>litteratur“</strong></span> <span class='ocrx_word' id='word_1_120' title='bbox 990 879 1032 920; x_wconf 89' lang='lat' dir='ltr'><strong>p.</strong></span> <span class='ocrx_word' id='word_1_121' title='bbox 1064 869 1158 908; x_wconf 82' lang='lat'><strong>625.</strong></span> <span class='ocrx_word' id='word_1_122' title='bbox 1191 863 1277 918; x_wconf 88' lang='lat' dir='ltr'><strong>(ed.</strong></span> <span class='ocrx_word' id='word_1_123' title='bbox 1310 864 1410 907; x_wconf 90' lang='lat' dir='ltr'><strong>anni</strong></span> <span class='ocrx_word' id='word_1_124' title='bbox 1443 863 1584 917; x_wconf 83' lang='lat'>1850.)</span> 
     </span>
     <span class='ocr_line' id='line_1_16' title="bbox 159 930 1587 990; baseline -0.001 -16"><span class='ocrx_word' id='word_1_125' title='bbox 159 931 461 986; x_wconf 82' lang='lat' dir='ltr'><strong>pronunciata:</strong></span> <span class='ocrx_word' id='word_1_126' title='bbox 506 932 625 982; x_wconf 87' lang='lat' dir='ltr'><strong>„der</strong></span> <span class='ocrx_word' id='word_1_127' title='bbox 656 932 864 990; x_wconf 65' lang='lat' dir='ltr'><strong>dialogus</strong></span> <span class='ocrx_word' id='word_1_128' title='bbox 903 935 958 976; x_wconf 86' lang='lat' dir='ltr'><strong>de</strong></span> <span class='ocrx_word' id='word_1_129' title='bbox 995 932 1252 975; x_wconf 74' lang='lat' dir='ltr'><strong>oratoribus</strong></span> <span class='ocrx_word' id='word_1_130' title='bbox 1286 933 1345 973; x_wconf 71' lang='lat' dir='ltr'><strong>ist</strong></span> <span class='ocrx_word' id='word_1_131' title='bbox 1379 934 1472 974; x_wconf 75' lang='lat' dir='ltr'><strong>eine</strong></span> <span class='ocrx_word' id='word_1_132' title='bbox 1505 930 1587 972; x_wconf 83' lang='lat' dir='ltr'><strong>der</strong></span> 
     </span>
     <span class='ocr_line' id='line_1_17' title="bbox 155 998 1589 1056; baseline -0.001 -15"><span class='ocrx_word' id='word_1_133' title='bbox 155 999 489 1056; x_wconf 68' lang='lat' dir='ltr'><strong>yeistreichslen</strong></span> <span class='ocrx_word' id='word_1_134' title='bbox 518 998 734 1055; x_wconf 68' lang='lat' dir='ltr'><strong>schrif&#39;len</strong></span> <span class='ocrx_word' id='word_1_135' title='bbox 763 1015 846 1044; x_wconf 76' lang='lat' dir='ltr'><strong>aus</strong></span> <span class='ocrx_word' id='word_1_136' title='bbox 879 1002 961 1044; x_wconf 82' lang='lat' dir='ltr'><strong>der</strong></span> <span class='ocrx_word' id='word_1_137' title='bbox 979 1000 1223 1043; x_wconf 68' lang='lat' dir='ltr'><strong>riimisclaeen</strong></span> <span class='ocrx_word' id='word_1_138' title='bbox 1243 1000 1485 1047; x_wconf 64' lang='lat' dir='ltr'><strong>litteratum</strong></span> <span class='ocrx_word' id='word_1_139' title='bbox 1513 998 1589 1045; x_wconf 73' lang='lat' dir='ltr'><strong>mit</strong></span> 
     </span>
     <span class='ocr_line' id='line_1_18' title="bbox 159 1066 1586 1123; baseline -0.001 -13"><span class='ocrx_word' id='word_1_140' title='bbox 159 1067 429 1110; x_wconf 63' lang='lat' dir='ltr'><strong>mannlicher</strong></span> <span class='ocrx_word' id='word_1_141' title='bbox 457 1066 581 1122; x_wconf 79' lang='lat' dir='ltr'><strong>kraft</strong></span> <span class='ocrx_word' id='word_1_142' title='bbox 600 1068 692 1110; x_wconf 81' lang='lat' dir='ltr'><strong>und</strong></span> <span class='ocrx_word' id='word_1_143' title='bbox 705 1070 978 1123; x_wconf 63' lang='lat' dir='ltr'><strong>geschichter</strong></span> <span class='ocrx_word' id='word_1_144' title='bbox 1000 1067 1354 1117; x_wconf 73' lang='lat' dir='ltr'><strong>charalcterislik,</strong></span> <span class='ocrx_word' id='word_1_145' title='bbox 1385 1068 1430 1108; x_wconf 78' lang='lat' dir='ltr'><strong>in</strong></span> <span class='ocrx_word' id='word_1_146' title='bbox 1450 1068 1586 1108; x_wconf 67' lang='lat' dir='ltr'><strong>einen</strong></span> 
     </span>
     <span class='ocr_line' id='line_1_19' title="bbox 160 1132 1588 1191; baseline -0.001 -15"><span class='ocrx_word' id='word_1_147' title='bbox 160 1132 395 1190; x_wconf 74' lang='lat' dir='ltr'><strong>lebhasten,</strong></span> <span class='ocrx_word' id='word_1_148' title='bbox 433 1132 502 1189; x_wconf 74' lang='lat' dir='ltr'><strong>oft</strong></span> <span class='ocrx_word' id='word_1_149' title='bbox 537 1134 872 1191; x_wconf 69' lang='lat' dir='ltr'><strong>empfi&#39;ndsamen</strong></span> <span class='ocrx_word' id='word_1_150' title='bbox 909 1143 1008 1179; x_wconf 77' lang='lat' dir='ltr'><strong>tone</strong></span> <span class='ocrx_word' id='word_1_151' title='bbox 1037 1133 1227 1177; x_wconf 81' lang='lat' dir='ltr'><strong>zeiclmet</strong></span> <span class='ocrx_word' id='word_1_152' title='bbox 1255 1146 1306 1176; x_wconf 81' lang='lat' dir='ltr'><strong>er</strong></span> <span class='ocrx_word' id='word_1_153' title='bbox 1333 1133 1475 1175; x_wconf 82' lang='lat' dir='ltr'><strong>bilder</strong></span> <span class='ocrx_word' id='word_1_154' title='bbox 1504 1145 1588 1175; x_wconf 75' lang='lat' dir='ltr'><strong>aus</strong></span> 
     </span>
     <span class='ocr_line' id='line_1_20' title="bbox 160 1200 1587 1260; baseline -0.002 -15"><span class='ocrx_word' id='word_1_155' title='bbox 160 1203 244 1245; x_wconf 82' lang='lat' dir='ltr'><strong>der</strong></span> <span class='ocrx_word' id='word_1_156' title='bbox 271 1203 527 1245; x_wconf 77' lang='lat' dir='ltr'><strong>nationalen</strong></span> <span class='ocrx_word' id='word_1_157' title='bbox 557 1203 787 1260; x_wconf 77' lang='lat' dir='ltr'><strong>erzielnmy</strong></span> <span class='ocrx_word' id='word_1_158' title='bbox 806 1205 899 1248; x_wconf 80' lang='lat' dir='ltr'><strong>und</strong></span> <span class='ocrx_word' id='word_1_159' title='bbox 918 1205 1122 1258; x_wconf 75' lang='lat' dir='ltr'><strong>hilduny,</strong></span> <span class='ocrx_word' id='word_1_160' title='bbox 1153 1203 1288 1245; x_wconf 81' lang='lat' dir='ltr'><strong>deren</strong></span> <span class='ocrx_word' id='word_1_161' title='bbox 1317 1200 1587 1255; x_wconf 75' lang='lat' dir='ltr'><strong>mittelpunkt</strong></span> 
     </span>
     <span class='ocr_line' id='line_1_21' title="bbox 160 1268 1584 1328; baseline -0.002 -16"><span class='ocrx_word' id='word_1_162' title='bbox 160 1271 254 1328; x_wconf 74' lang='lat' dir='ltr'><strong>eine</strong></span> <span class='ocrx_word' id='word_1_163' title='bbox 297 1283 356 1312; x_wconf 78' lang='lat' dir='ltr'><strong>au</strong></span> <span class='ocrx_word' id='word_1_164' title='bbox 392 1269 636 1326; x_wconf 76' lang='lat' dir='ltr'><strong>yedanken‚</strong></span> <span class='ocrx_word' id='word_1_165' title='bbox 673 1277 862 1328; x_wconf 73' lang='lat' dir='ltr'><strong>vortray</strong></span> <span class='ocrx_word' id='word_1_166' title='bbox 896 1272 990 1314; x_wconf 81' lang='lat' dir='ltr'><strong>und</strong></span> <span class='ocrx_word' id='word_1_167' title='bbox 1023 1272 1268 1328; x_wconf 72' lang='lat' dir='ltr'><strong>yesinnuny</strong></span> <span class='ocrx_word' id='word_1_168' title='bbox 1306 1268 1448 1326; x_wconf 73' lang='lat' dir='ltr'><strong>yleiclz</strong></span> <span class='ocrx_word' id='word_1_169' title='bbox 1482 1281 1584 1310; x_wconf 80' lang='lat' dir='ltr'><strong>vor-</strong></span> 
     </span>
     <span class='ocr_line' id='line_1_22' title="bbox 162 1337 1586 1394; baseline -0.002 -14"><span class='ocrx_word' id='word_1_170' title='bbox 162 1337 378 1393; x_wconf 69' lang='lat' dir='ltr'><strong>lreffliche</strong></span> <span class='ocrx_word' id='word_1_171' title='bbox 423 1340 642 1392; x_wconf 74' lang='lat' dir='ltr'><strong>paranete</strong></span> <span class='ocrx_word' id='word_1_172' title='bbox 690 1340 772 1381; x_wconf 82' lang='lat' dir='ltr'><strong>der</strong></span> <span class='ocrx_word' id='word_1_173' title='bbox 823 1338 1229 1394; x_wconf 63' lang='lat' dir='ltr'><strong>republilcanaschen</strong></span> <span class='ocrx_word' id='word_1_174' title='bbox 1276 1337 1368 1379; x_wconf 79' lang='lat' dir='ltr'><strong>und</strong></span> <span class='ocrx_word' id='word_1_175' title='bbox 1414 1350 1586 1378; x_wconf 74' lang='lat' dir='ltr'><strong>monar-</strong></span> 
     </span>
     <span class='ocr_line' id='line_1_23' title="bbox 163 1403 1588 1461; baseline -0.001 -14"><span class='ocrx_word' id='word_1_176' title='bbox 163 1405 364 1448; x_wconf 66' lang='lat' dir='ltr'><strong>chischen</strong></span> <span class='ocrx_word' id='word_1_177' title='bbox 393 1404 725 1453; x_wconf 76' lang='lat' dir='ltr'><strong>beredtsamkeit</strong></span> <span class='ocrx_word' id='word_1_178' title='bbox 762 1408 837 1458; x_wconf 77' lang='lat' dir='ltr'><strong>ist,</strong></span> <span class='ocrx_word' id='word_1_179' title='bbox 869 1408 938 1450; x_wconf 80' lang='lat' dir='ltr'><strong>eiu</strong></span> <span class='ocrx_word' id='word_1_180' title='bbox 967 1403 1248 1461; x_wconf 76' lang='lat' dir='ltr'><strong>ehrenkaftes</strong></span> <span class='ocrx_word' id='word_1_181' title='bbox 1277 1403 1478 1447; x_wconf 79' lang='lat' dir='ltr'><strong>denkmal</strong></span> <span class='ocrx_word' id='word_1_182' title='bbox 1505 1417 1588 1447; x_wconf 76' lang='lat' dir='ltr'><strong>aus</strong></span> 
     </span>
     <span class='ocr_line' id='line_1_24' title="bbox 161 1472 1588 1530; baseline -0.001 -16"><span class='ocrx_word' id='word_1_183' title='bbox 161 1473 257 1515; x_wconf 85' lang='lat' dir='ltr'><strong>dem</strong></span> <span class='ocrx_word' id='word_1_184' title='bbox 300 1473 498 1515; x_wconf 74' lang='lat' dir='ltr'><strong>schlusse</strong></span> <span class='ocrx_word' id='word_1_185' title='bbox 542 1474 620 1515; x_wconf 73' lang='lat' dir='ltr'><strong>cle-5·</strong></span> <span class='ocrx_word' id='word_1_186' title='bbox 667 1481 812 1517; x_wconf 78' lang='lat' dir='ltr'><strong>ersten</strong></span> <span class='ocrx_word' id='word_1_187' title='bbox 849 1474 1227 1530; x_wconf 70' lang='lat' dir='ltr'><strong>jahrhundev·ts“.</strong></span> <span class='ocrx_word' id='word_1_188' title='bbox 1293 1472 1416 1522; x_wconf 86' lang='lat' dir='ltr'><strong>Quod</strong></span> <span class='ocrx_word' id='word_1_189' title='bbox 1455 1472 1588 1524; x_wconf 87' lang='lat' dir='ltr'><strong>igitur</strong></span> 
     </span>
     <span class='ocr_line' id='line_1_25' title="bbox 160 1538 1587 1596; baseline -0.001 -14"><span class='ocrx_word' id='word_1_190' title='bbox 160 1539 317 1582; x_wconf 84' lang='lat' dir='ltr'><strong>attinet</strong></span> <span class='ocrx_word' id='word_1_191' title='bbox 352 1540 409 1582; x_wconf 89' lang='lat' dir='ltr'><strong>ad</strong></span> <span class='ocrx_word' id='word_1_192' title='bbox 444 1540 625 1583; x_wconf 88' lang='lat' dir='ltr'><strong>virtutes</strong></span> <span class='ocrx_word' id='word_1_193' title='bbox 660 1541 975 1596; x_wconf 86' lang='lat' dir='ltr'><strong>disputationis,</strong></span> <span class='ocrx_word' id='word_1_194' title='bbox 1006 1541 1062 1584; x_wconf 89' lang='lat' dir='ltr'><strong>ad</strong></span> <span class='ocrx_word' id='word_1_195' title='bbox 1095 1539 1301 1583; x_wconf 87' lang='lat' dir='ltr'><strong>sermonis</strong></span> <span class='ocrx_word' id='word_1_196' title='bbox 1330 1538 1587 1593; x_wconf 77' lang='lat' dir='ltr'><strong>elegantiam</strong></span> 
     </span>
     <span class='ocr_line' id='line_1_26' title="bbox 161 1606 1585 1662; baseline -0.001 -13"><span class='ocrx_word' id='word_1_197' title='bbox 161 1607 469 1662; x_wconf 90' lang='lat' dir='ltr'><strong>verborumque</strong></span> <span class='ocrx_word' id='word_1_198' title='bbox 520 1609 801 1661; x_wconf 85' lang='lat' dir='ltr'><strong>splendorem,</strong></span> <span class='ocrx_word' id='word_1_199' title='bbox 852 1610 918 1651; x_wconf 90' lang='lat' dir='ltr'><strong>vel</strong></span> <span class='ocrx_word' id='word_1_200' title='bbox 965 1609 1137 1662; x_wconf 90' lang='lat' dir='ltr'><strong>plurimi</strong></span> <span class='ocrx_word' id='word_1_201' title='bbox 1177 1608 1258 1649; x_wconf 86' lang='lat' dir='ltr'><strong>viri</strong></span> <span class='ocrx_word' id='word_1_202' title='bbox 1307 1607 1423 1648; x_wconf 89' lang='lat' dir='ltr'><strong>docti</strong></span> <span class='ocrx_word' id='word_1_203' title='bbox 1472 1606 1585 1648; x_wconf 92' lang='lat' dir='ltr'><strong>idem</strong></span> 
     </span>
     <span class='ocr_line' id='line_1_27' title="bbox 161 1675 1586 1730; baseline -0.001 -12"><span class='ocrx_word' id='word_1_204' title='bbox 161 1675 372 1718; x_wconf 90' lang='lat' dir='ltr'><strong>sentiunt:</strong></span> <span class='ocrx_word' id='word_1_205' title='bbox 421 1675 637 1730; x_wconf 86' lang='lat' dir='ltr'><strong>dialogum</strong></span> <span class='ocrx_word' id='word_1_206' title='bbox 676 1677 730 1718; x_wconf 93' lang='lat' dir='ltr'><strong>de</strong></span> <span class='ocrx_word' id='word_1_207' title='bbox 769 1677 1010 1719; x_wconf 88' lang='lat' dir='ltr'><strong>oratoribus</strong></span> <span class='ocrx_word' id='word_1_208' title='bbox 1048 1676 1160 1719; x_wconf 87' lang='lat' dir='ltr'><strong>inter</strong></span> <span class='ocrx_word' id='word_1_209' title='bbox 1193 1676 1359 1718; x_wconf 81' lang='lat' dir='ltr'><strong>litteras</strong></span> <span class='ocrx_word' id='word_1_210' title='bbox 1388 1686 1586 1716; x_wconf 86' lang='lat' dir='ltr'><strong>romanas</strong></span> 
     </span>
     <span class='ocr_line' id='line_1_28' title="bbox 160 1743 1585 1797; baseline -0.004 -12"><span class='ocrx_word' id='word_1_211' title='bbox 160 1755 245 1785; x_wconf 89' lang='lat' dir='ltr'><strong>non</strong></span> <span class='ocrx_word' id='word_1_212' title='bbox 281 1743 471 1785; x_wconf 90' lang='lat' dir='ltr'><strong>infimum</strong></span> <span class='ocrx_word' id='word_1_213' title='bbox 507 1743 644 1785; x_wconf 89' lang='lat' dir='ltr'><strong>locum</strong></span> <span class='ocrx_word' id='word_1_214' title='bbox 680 1743 870 1786; x_wconf 89' lang='lat' dir='ltr'><strong>obtinere</strong></span> <span class='ocrx_word' id='word_1_215' title='bbox 903 1744 973 1797; x_wconf 85' lang='lat' dir='ltr'><strong>(cf.</strong></span> <span class='ocrx_word' id='word_1_216' title='bbox 1004 1743 1240 1784; x_wconf 87' lang='lat' dir='ltr'><strong>Ecksteinii</strong></span> <span class='ocrx_word' id='word_1_217' title='bbox 1269 1743 1585 1796; x_wconf 71' lang='lat' dir='ltr'><strong>„proleyomm</strong></span> 
     </span>
     <span class='ocr_line' id='line_1_29' title="bbox 159 1809 1586 1868; baseline 0 -15"><span class='ocrx_word' id='word_1_218' title='bbox 159 1812 204 1853; x_wconf 81' lang='lat' dir='ltr'><strong>in</strong></span> <span class='ocrx_word' id='word_1_219' title='bbox 256 1810 399 1853; x_wconf 78' lang='lat' dir='ltr'><strong>Taciti</strong></span> <span class='ocrx_word' id='word_1_220' title='bbox 441 1812 515 1868; x_wconf 80' lang='lat' dir='ltr'><strong>qui</strong></span> <span class='ocrx_word' id='word_1_221' title='bbox 559 1812 691 1867; x_wconf 74' lang='lat' dir='ltr'><strong>vulyo</strong></span> <span class='ocrx_word' id='word_1_222' title='bbox 733 1810 882 1867; x_wconf 80' lang='lat' dir='ltr'><strong>fertur</strong></span> <span class='ocrx_word' id='word_1_223' title='bbox 925 1812 1145 1867; x_wconf 77' lang='lat' dir='ltr'><strong>dialoynm</strong></span> <span class='ocrx_word' id='word_1_224' title='bbox 1195 1811 1249 1853; x_wconf 84' lang='lat' dir='ltr'><strong>de</strong></span> <span class='ocrx_word' id='word_1_225' title='bbox 1296 1809 1586 1853; x_wconf 77' lang='lat' dir='ltr'><strong>oratoribus“</strong></span> 
     </span>
     <span class='ocr_line' id='line_1_30' title="bbox 160 1877 773 1932; baseline 0.002 -13"><span class='ocrx_word' id='word_1_226' title='bbox 160 1878 283 1919; x_wconf 87' lang='lat' dir='ltr'><strong>Halis</strong></span> <span class='ocrx_word' id='word_1_227' title='bbox 315 1877 409 1919; x_wconf 88' lang='lat' dir='ltr'><strong>Sax.</strong></span> <span class='ocrx_word' id='word_1_228' title='bbox 444 1881 564 1920; x_wconf 88' lang='grc'><strong>1835.</strong></span> <span class='ocrx_word' id='word_1_229' title='bbox 596 1890 638 1931; x_wconf 90' lang='lat' dir='ltr'><strong>p.</strong></span> <span class='ocrx_word' id='word_1_230' title='bbox 671 1880 773 1932; x_wconf 88' lang='lat'><strong>33.).</strong></span> 
     </span>
    </p>

    <p class='ocr_par' dir='ltr' id='par_1_7' title="bbox 159 1944 1641 2674">
     <span class='ocr_line' id='line_1_31' title="bbox 273 1944 1587 2001; baseline 0.002 -15"><span class='ocrx_word' id='word_1_231' title='bbox 273 1944 370 1987; x_wconf 90' lang='lat' dir='ltr'><strong>Alia</strong></span> <span class='ocrx_word' id='word_1_232' title='bbox 411 1956 513 1987; x_wconf 87' lang='lat' dir='ltr'><strong>vero</strong></span> <span class='ocrx_word' id='word_1_233' title='bbox 556 1946 750 2000; x_wconf 78' lang='lat' dir='ltr'><strong>quaestio</strong></span> <span class='ocrx_word' id='word_1_234' title='bbox 793 1959 877 1989; x_wconf 91' lang='lat' dir='ltr'><strong>non</strong></span> <span class='ocrx_word' id='word_1_235' title='bbox 915 1947 1054 1989; x_wconf 90' lang='lat' dir='ltr'><strong>minus</strong></span> <span class='ocrx_word' id='word_1_236' title='bbox 1094 1946 1236 2000; x_wconf 88' lang='lat' dir='ltr'><strong>gravis</strong></span> <span class='ocrx_word' id='word_1_237' title='bbox 1279 1949 1407 2001; x_wconf 86' lang='lat' dir='ltr'><strong>atque</strong></span> <span class='ocrx_word' id='word_1_238' title='bbox 1451 1946 1587 1989; x_wconf 90' lang='lat' dir='ltr'><strong>multo</strong></span> 
     </span>
     <span class='ocr_line' id='line_1_32' title="bbox 160 2012 1585 2068; baseline 0.001 -14"><span class='ocrx_word' id='word_1_239' title='bbox 160 2012 375 2055; x_wconf 89' lang='lat' dir='ltr'><strong>difficilior</strong></span> <span class='ocrx_word' id='word_1_240' title='bbox 404 2013 592 2055; x_wconf 89' lang='lat' dir='ltr'><strong>nondum</strong></span> <span class='ocrx_word' id='word_1_241' title='bbox 623 2014 794 2056; x_wconf 91' lang='lat' dir='ltr'><strong>omnino</strong></span> <span class='ocrx_word' id='word_1_242' title='bbox 824 2018 890 2056; x_wconf 88' lang='lat' dir='ltr'><strong>est</strong></span> <span class='ocrx_word' id='word_1_243' title='bbox 919 2014 1168 2066; x_wconf 87' lang='lat' dir='ltr'><strong>diiudicata,</strong></span> <span class='ocrx_word' id='word_1_244' title='bbox 1204 2026 1459 2068; x_wconf 87' lang='lat' dir='ltr'><strong>quamquam</strong></span> <span class='ocrx_word' id='word_1_245' title='bbox 1490 2025 1585 2055; x_wconf 84' lang='lat' dir='ltr'><strong>sae-</strong></span> 
     </span>
     <span class='ocr_line' id='line_1_33' title="bbox 159 2080 1583 2135; baseline 0 -12"><span class='ocrx_word' id='word_1_246' title='bbox 159 2081 334 2134; x_wconf 89' lang='lat' dir='ltr'><strong>pissime</strong></span> <span class='ocrx_word' id='word_1_247' title='bbox 374 2080 617 2134; x_wconf 88' lang='lat' dir='ltr'><strong>disputata:</strong></span> <span class='ocrx_word' id='word_1_248' title='bbox 664 2082 759 2135; x_wconf 87' lang='lat' dir='ltr'><strong>quis</strong></span> <span class='ocrx_word' id='word_1_249' title='bbox 789 2083 902 2125; x_wconf 90' lang='lat' dir='ltr'><strong>enim</strong></span> <span class='ocrx_word' id='word_1_250' title='bbox 931 2086 1080 2125; x_wconf 85' lang='lat' dir='ltr'><strong>auctor</strong></span> <span class='ocrx_word' id='word_1_251' title='bbox 1117 2082 1174 2124; x_wconf 88' lang='lat' dir='ltr'><strong>sit</strong></span> <span class='ocrx_word' id='word_1_252' title='bbox 1203 2081 1410 2135; x_wconf 86' lang='lat' dir='ltr'><strong>praeclari</strong></span> <span class='ocrx_word' id='word_1_253' title='bbox 1439 2080 1583 2133; x_wconf 89' lang='lat' dir='ltr'><strong>libelli,</strong></span> 
     </span>
     <span class='ocr_line' id='line_1_34' title="bbox 160 2147 1641 2204; baseline 0 -14"><span class='ocrx_word' id='word_1_254' title='bbox 160 2149 300 2191; x_wconf 89' lang='lat' dir='ltr'><strong>adhuc</strong></span> <span class='ocrx_word' id='word_1_255' title='bbox 330 2147 408 2190; x_wconf 91' lang='lat' dir='ltr'><strong>sub</strong></span> <span class='ocrx_word' id='word_1_256' title='bbox 438 2148 578 2190; x_wconf 90' lang='lat' dir='ltr'><strong>iudice</strong></span> <span class='ocrx_word' id='word_1_257' title='bbox 607 2149 660 2191; x_wconf 88' lang='lat' dir='ltr'><strong>lis</strong></span> <span class='ocrx_word' id='word_1_258' title='bbox 689 2153 768 2197; x_wconf 84' lang='lat' dir='ltr'><strong>est.</strong></span> <span class='ocrx_word' id='word_1_259' title='bbox 828 2149 964 2200; x_wconf 83' lang='lat' dir='ltr'><strong>Quam</strong></span> <span class='ocrx_word' id='word_1_260' title='bbox 985 2149 1278 2204; x_wconf 86' lang='lat' dir='ltr'><strong>quaestionem</strong></span> <span class='ocrx_word' id='word_1_261' title='bbox 1298 2148 1471 2200; x_wconf 81' lang='lat' dir='ltr'><strong>maximi</strong></span> <span class='ocrx_word' id='word_1_262' title='bbox 1490 2160 1585 2190; x_wconf 80' lang='lat' dir='ltr'><strong>esse</strong></span> <span class='ocrx_word' id='word_1_263' title='bbox 1636 2160 1641 2163; x_wconf 46' lang='lat'><em>*</em></span> 
     </span>
     <span class='ocr_line' id='line_1_35' title="bbox 161 2216 1585 2270; baseline 0.001 -13"><span class='ocrx_word' id='word_1_264' title='bbox 161 2216 365 2258; x_wconf 90' lang='lat' dir='ltr'><strong>momenti</strong></span> <span class='ocrx_word' id='word_1_265' title='bbox 394 2216 553 2257; x_wconf 89' lang='lat' dir='ltr'><strong>nemini</strong></span> <span class='ocrx_word' id='word_1_266' title='bbox 582 2228 665 2258; x_wconf 92' lang='lat' dir='ltr'><strong>non</strong></span> <span class='ocrx_word' id='word_1_267' title='bbox 686 2221 888 2270; x_wconf 86' lang='lat' dir='ltr'><strong>apparet:</strong></span> <span class='ocrx_word' id='word_1_268' title='bbox 929 2230 1028 2260; x_wconf 87' lang='lat' dir='ltr'><strong>nam</strong></span> <span class='ocrx_word' id='word_1_269' title='bbox 1047 2221 1266 2260; x_wconf 89' lang='lat' dir='ltr'><strong>auctorem</strong></span> <span class='ocrx_word' id='word_1_270' title='bbox 1297 2221 1386 2259; x_wconf 87' lang='lat' dir='ltr'><strong>tam</strong></span> <span class='ocrx_word' id='word_1_271' title='bbox 1406 2216 1585 2264; x_wconf 84' lang='lat' dir='ltr'><strong>illustris</strong></span> 
     </span>
     <span class='ocr_line' id='line_1_36' title="bbox 161 2283 1587 2337; baseline -0.001 -12"><span class='ocrx_word' id='word_1_272' title='bbox 161 2283 406 2337; x_wconf 89' lang='lat' dir='ltr'><strong>scriptionis</strong></span> <span class='ocrx_word' id='word_1_273' title='bbox 436 2284 686 2336; x_wconf 87' lang='lat' dir='ltr'><strong>cognovisse</strong></span> <span class='ocrx_word' id='word_1_274' title='bbox 715 2295 810 2326; x_wconf 89' lang='lat' dir='ltr'><strong>cum</strong></span> <span class='ocrx_word' id='word_1_275' title='bbox 840 2284 896 2325; x_wconf 90' lang='lat' dir='ltr'><strong>ad</strong></span> <span class='ocrx_word' id='word_1_276' title='bbox 916 2285 1167 2337; x_wconf 80' lang='lat' dir='ltr'><strong>scriptorem</strong></span> <span class='ocrx_word' id='word_1_277' title='bbox 1187 2284 1340 2337; x_wconf 81' lang='lat' dir='ltr'><strong>ipsum,</strong></span> <span class='ocrx_word' id='word_1_278' title='bbox 1372 2283 1440 2325; x_wconf 87' lang='lat' dir='ltr'><strong>eui</strong></span> <span class='ocrx_word' id='word_1_279' title='bbox 1459 2283 1587 2325; x_wconf 72' lang='lat' dir='ltr'><strong>adiu2</strong></span> 
     </span>
     <span class='ocr_line' id='line_1_37' title="bbox 161 2350 1585 2407; baseline 0.001 -14"><span class='ocrx_word' id='word_1_280' title='bbox 161 2351 345 2395; x_wconf 83' lang='lat' dir='ltr'><strong>dicanda</strong></span> <span class='ocrx_word' id='word_1_281' title='bbox 378 2355 458 2403; x_wconf 85' lang='lat' dir='ltr'><strong>est,</strong></span> <span class='ocrx_word' id='word_1_282' title='bbox 496 2350 647 2393; x_wconf 90' lang='lat' dir='ltr'><strong>melius</strong></span> <span class='ocrx_word' id='word_1_283' title='bbox 682 2350 1003 2405; x_wconf 88' lang='lat' dir='ltr'><strong>intelligendum</strong></span> <span class='ocrx_word' id='word_1_284' title='bbox 1033 2351 1292 2407; x_wconf 86' lang='lat' dir='ltr'><strong>permultum</strong></span> <span class='ocrx_word' id='word_1_285' title='bbox 1330 2350 1461 2403; x_wconf 81' lang='lat' dir='ltr'><strong>iuvat,</strong></span> <span class='ocrx_word' id='word_1_286' title='bbox 1491 2354 1585 2400; x_wconf 83' lang='lat' dir='ltr'><strong>tum</strong></span> 
     </span>
     <span class='ocr_line' id='line_1_38' title="bbox 159 2416 1584 2474; baseline 0 -13"><span class='ocrx_word' id='word_1_287' title='bbox 159 2419 242 2461; x_wconf 92' lang='lat' dir='ltr'><strong>toti</strong></span> <span class='ocrx_word' id='word_1_288' title='bbox 280 2420 426 2471; x_wconf 88' lang='lat' dir='ltr'><strong>aetati,</strong></span> <span class='ocrx_word' id='word_1_289' title='bbox 468 2418 537 2461; x_wconf 89' lang='lat' dir='ltr'><strong>cui</strong></span> <span class='ocrx_word' id='word_1_290' title='bbox 575 2418 768 2469; x_wconf 90' lang='lat' dir='ltr'><strong>debetur,</strong></span> <span class='ocrx_word' id='word_1_291' title='bbox 804 2419 1128 2474; x_wconf 86' lang='lat' dir='ltr'><strong>litterarumque</strong></span> <span class='ocrx_word' id='word_1_292' title='bbox 1164 2420 1207 2461; x_wconf 94' lang='lat' dir='ltr'><strong>in</strong></span> <span class='ocrx_word' id='word_1_293' title='bbox 1242 2419 1316 2461; x_wconf 91' lang='lat' dir='ltr'><strong>illa</strong></span> <span class='ocrx_word' id='word_1_294' title='bbox 1343 2416 1584 2468; x_wconf 65' lang='lat' dir='ltr'><strong>conditione</strong></span> 
     </span>
     <span class='ocr_line' id='line_1_39' title="bbox 159 2485 1585 2540; baseline 0.001 -13"><span class='ocrx_word' id='word_1_295' title='bbox 159 2486 377 2540; x_wconf 86' lang='lat' dir='ltr'><strong>propriam</strong></span> <span class='ocrx_word' id='word_1_296' title='bbox 417 2486 554 2529; x_wconf 90' lang='lat' dir='ltr'><strong>lucem</strong></span> <span class='ocrx_word' id='word_1_297' title='bbox 590 2485 727 2528; x_wconf 85' lang='lat' dir='ltr'><strong>affert.</strong></span> <span class='ocrx_word' id='word_1_298' title='bbox 785 2485 933 2540; x_wconf 87' lang='lat' dir='ltr'><strong>Neque</strong></span> <span class='ocrx_word' id='word_1_299' title='bbox 969 2487 1139 2529; x_wconf 86' lang='lat' dir='ltr'><strong>omnino</strong></span> <span class='ocrx_word' id='word_1_300' title='bbox 1182 2490 1282 2537; x_wconf 85' lang='lat' dir='ltr'><strong>sunt</strong></span> <span class='ocrx_word' id='word_1_301' title='bbox 1322 2486 1437 2529; x_wconf 87' lang='lat' dir='ltr'><strong>leves</strong></span> <span class='ocrx_word' id='word_1_302' title='bbox 1475 2486 1585 2535; x_wconf 80' lang='lat' dir='ltr'><strong>istae</strong></span> 
     </span>
     <span class='ocr_line' id='line_1_40' title="bbox 161 2552 1585 2606; baseline 0 -11"><span class='ocrx_word' id='word_1_303' title='bbox 161 2554 214 2595; x_wconf 87' lang='lat' dir='ltr'><strong>de</strong></span> <span class='ocrx_word' id='word_1_304' title='bbox 256 2557 430 2596; x_wconf 88' lang='lat' dir='ltr'><strong>auctore</strong></span> <span class='ocrx_word' id='word_1_305' title='bbox 472 2552 761 2595; x_wconf 84' lang='lat' dir='ltr'><strong>dubitationes</strong></span> <span class='ocrx_word' id='word_1_306' title='bbox 805 2554 871 2595; x_wconf 90' lang='lat' dir='ltr'><strong>vel</strong></span> <span class='ocrx_word' id='word_1_307' title='bbox 915 2554 1188 2605; x_wconf 85' lang='lat' dir='ltr'><strong>temerariae;</strong></span> <span class='ocrx_word' id='word_1_308' title='bbox 1244 2566 1343 2596; x_wconf 90' lang='lat' dir='ltr'><strong>nam</strong></span> <span class='ocrx_word' id='word_1_309' title='bbox 1381 2553 1585 2606; x_wconf 81' lang='lat' dir='ltr'><strong>permulti</strong></span> 
     </span>
     <span class='ocr_line' id='line_1_41' title="bbox 159 2619 1586 2674; baseline 0.001 -13"><span class='ocrx_word' id='word_1_310' title='bbox 159 2619 240 2662; x_wconf 84' lang='lat' dir='ltr'><strong>viri</strong></span> <span class='ocrx_word' id='word_1_311' title='bbox 269 2619 385 2662; x_wconf 89' lang='lat' dir='ltr'><strong>docti</strong></span> <span class='ocrx_word' id='word_1_312' title='bbox 413 2631 549 2674; x_wconf 88' lang='lat' dir='ltr'><strong>neque</strong></span> <span class='ocrx_word' id='word_1_313' title='bbox 579 2621 756 2674; x_wconf 86' lang='lat' dir='ltr'><strong>exiguae</strong></span> <span class='ocrx_word' id='word_1_314' title='bbox 786 2621 1057 2664; x_wconf 84' lang='lat' dir='ltr'><strong>auctoritatis</strong></span> <span class='ocrx_word' id='word_1_315' title='bbox 1077 2623 1267 2664; x_wconf 86' lang='lat' dir='ltr'><strong>diver-sas</strong></span> <span class='ocrx_word' id='word_1_316' title='bbox 1287 2633 1438 2664; x_wconf 87' lang='lat' dir='ltr'><strong>causas</strong></span> <span class='ocrx_word' id='word_1_317' title='bbox 1465 2624 1586 2663; x_wconf 76' lang='lat' dir='ltr'><strong>attu=</strong></span> 
     </span>
    </p>
   </div>
  </div>
 </body>
</html>
