1751 2767
7 220 75 271 3·
93 220 392 308 T'Jsmutan?
420 241 554 291 Nam
577 245 703 289 stilus
736 228 935 298 proprius
968 241 1129 300 cuiqu'e
1145 219 1322 303 quidem
1330 224 1522 295 nomm
1520 243 1722 311 Ξᾱᾷὲςῃς,
1738 281 1745 290 ..

133 310 139 338 ·.
176 315 305 359 natus
334 316 413 365 est,
443 313 522 357 sed-
550 313 782 357 secundum
811 310 931 355 varia
958 310 1151 366 exempla
1177 305 1222 355 et
1238 301 1469 367 praecepta
1485 304 1626 359 vatic
1715 312 1740 323 ‘

116 390 119 391 ’
177 381 306 436 modo
340 380 557 423 excolitur.
627 378 828 448 Quemvis
863 382 1006 422 autem
1034 379 1078 422 in
1107 381 1201 423 arte
1229 378 1442 430 litteraria
1465 372 1656 430 ᾔτηη

1523 424 1670 441 ,,,,,,

178 453 380 502 magnum
408 430 788 490 animadvertimus
816 445 861 489 in
886 442 1139 490 iuvenilibus
1157 445 1358 501 operibus
1376 446 1433 489 ad
1449 442 1660 501 prioris

178 513 358 558 alicuius
398 513 587 557 auctoris
627 512 865 567 exemplum
899 524 947 556 se
984 513 1206 566 acclinare,
1236 525 1263 556 a
1291 507 1414 557 cuius
1439 512 1648 568 ratio'ne
1627 533 1648 538 κ

178 582 336 626 ιιιᾱιοιο
378 584 595 624 maturato
638 580 775 635 magis
818 580 1039 636 magisque
1081 581 1244 625 recedit
1280 584 1326 624 et
1362 584 1456 627 tum
1483 578 1615 633 suam*

177 650 395 703 propriam
426 649 618 703 sequitur
645 647 831 690 indolem
861 660 911 691 ac
945 651 1154 703 naturam.
1216 648 1300 692 Sic
1314 645 1487 692 Tacitus
1513 646 1605 703 pri-
1630 653 1632 655 ’

179 716 322 759 oribus
343 716 431 759 suis
452 715 619 765 studiis,
651 727 759 775 quae
779 714 1062 769 eloquentiam
1086 714 1342 768 tractabant,
1372 712 1540 777 summo>
1560 707 1604 759 in

178 787 271 826 arte
286 782 500 826 rhetorica
516 783 710 826 Ciceroni
731 794 776 825 se
788 783 1125 826 accommodavit
1144 786 1189 826 et
1206 778 1332 827 huius
1351 783 1396 826 in
1411 780 1606 828 sermone

179 850 449 905 splendorem
479 855 522 892 et
550 850 900 903 perspicuitatem
921 849 1114 893 imitatus
1139 853 1217 893 est.
1264 850 1412 905 Neque
1431 850 1606 894 Tacitus
1662 853 1671 858 '
1734 870 1751 880 <

180 918 297 961 solus
335 920 404 959 est
442 916 556 959 illius
594 916 751 959 aetatis
780 917 977 971 scriptor,
1016 918 1093 971 qui
1118 917 1335 962 Ciceronis
1363 918 1407 961 in
1436 918 1606 962 dicendi

180 996 335 1039 genere
365 983 558 1038 vestigiis
588 983 761 1026 insistit.
820 984 903 1027 Ars
932 984 1145 1028 rhetorica
1172 985 1342 1040 quidem
1372 985 1451 1029 sub
1470 986 1605 1040 impe-

181 1057 387 1103 ratorum,
418 1052 627 1106 imprimis
656 1051 838 1094 Neronis
867 1052 1108 1105 principatu
1127 1052 1190 1094 ita
1209 1057 1304 1095 erat
1323 1054 1544 1097 demutata
1562 1057 1606 1096 et

180 1122 395 1174 corrupta,
439 1123 488 1162 ut
531 1119 669 1161 oratio
713 1119 878 1174 aequali
917 1122 961 1162 et
996 1118 1227 1173 artificiosa
1265 1119 1606 1167 enunciationum

181 1188 497 1232 constructione
525 1188 721 1241 neglecta
748 1188 792 1230 in
823 1187 1000 1241 singulis
1027 1186 1213 1230 breviter
1241 1192 1286 1231 et
1314 1189 1370 1231 ad
1389 1192 1606 1232 externam

180 1256 364 1311 speciem
396 1255 614 1308 eleganter
634 1254 762 1297 dictis
782 1258 826 1297 et
844 1255 888 1297 in
909 1254 1174 1299 sententiolis
1192 1255 1446 1300 acuminatis
1464 1268 1607 1301 versa-

179 1328 312 1368 retur.
344 1324 451 1366 Cum
465 1324 624 1370 Flaviis
639 1322 946 1376 imperantibus
961 1323 1182 1365 universus
1196 1323 1453 1376 reipublicae
1469 1315 1607 1367 status

180 1392 224 1434 in
263 1391 415 1434 melius
455 1393 783 1441 converteretur,
816 1402 911 1432 cum
939 1390 1044 1432 haec
1074 1388 1167 1443 ipsa
1195 1390 1411 1433 conversio
1440 1390 1607 1434 litteras

181 1463 226 1502 et
246 1462 362 1501 artes
382 1460 557 1500 cunctas
576 1458 618 1499 vi
637 1461 681 1499 et
700 1458 862 1511 impetu
882 1457 1066 1510 quodam
1087 1460 1287 1508 moveret,
1308 1469 1377 1500 ars
1397 1458 1626 1502 rhetorica-

184 1526 316 1568 etiam
337 1536 489 1566 novam
511 1523 592 1566 sibi
612 1524 724 1566 viam
746 1523 964 1577 aperiebat
984 1535 1033 1566 ac
1054 1523 1287 1566 muniebat:
1318 1524 1373 1566 ad
1393 1523 1608 1568 Ciceronis

181 1592 396 1645 exemplar
424 1603 621 1644 regressa
650 1591 877 1644 pristinum
898 1604 1059 1634 morem
1081 1593 1290 1651 sincerum
1310 1596 1354 1635 et
1374 1592 1606 1646 simplicem

179 1659 407 1703 revocabat
441 1662 485 1702 et
513 1658 769 1702 restituebat
800 1663 843 1703 et
870 1663 1004 1704 semet
1023 1659 1117 1713 ipsa
1136 1658 1427 1722 regenerabat.
1477 1659 1609 1705 Cuius
1658 1695 1661 1698 .
1730 1674 1732 1676 ’

182 1727 270 1770 stili
311 1726 553 1780 regenerati
594 1727 848 1779 praecipuus
889 1731 956 1770 est
997 1731 1147 1769 auctor
1190 1727 1487 1778 Quintilianus,
1536 1729 1609 1785 qui

182 1793 368 1838 Senecae
406 1793 450 1836 in
488 1793 668 1836 dicendo
706 1794 862 1837 rationi
897 1793 1070 1848 ineptae
1100 1806 1145 1837 se
1174 1793 1385 1848 opposuit,
1393 1794 1428 1849 1)
1459 1795 1608 1838 eodem

181 1873 285 1903 usus
315 1865 381 1902 est
409 1860 571 1902 Plinius
600 1861 749 1911 minor,
780 1862 928 1903 eodem
959 1862 1131 1904 Tacitus
1163 1862 1205 1903 in
1238 1862 1419 1915 dialogo.
1468 1864 1609 1916 Atque

183 1928 399 1974 Ciceronis
429 1928 502 1971 illa
525 1928 709 1985 imitatio
728 1929 771 1972 in
791 1929 989 1973 universa
1008 1929 1176 1972 dicendi
1194 1929 1358 1973 ratione
1376 1929 1420 1973 in
1440 1929 1610 1985 dialogo
1669 1935 1676 1943 '

182 1996 377 2040 adhibita
404 1996 630 2050 perspicua
660 1999 727 2038 est
755 2000 799 2049 et
828 1997 1012 2040 evidens.
1022 1997 1056 2051 ²)
1115 1996 1277 2047 Quodsi
1304 2000 1455 2051 postea
1482 2010 1609 2052 prae·
1651 2055 1653 2057 Υ

184 2065 348 2109 clarum
387 2064 493 2108 illud
533 2057 770 2118 ex'emplum
800 2065 972 2109 Tacitus
1001 2078 1176 2120 prorsus
1205 2065 1388 2120 reliquit,
1419 2066 1504 2109 iam
1532 2079 1610 2121 per

183 2145 393 2176 annorum
414 2144 622 2186 magnum
652 2132 920 2175 intervallum
940 2146 1025 2176 non
1044 2133 1107 2176 ita
1126 2133 1279 2175 mirum
1299 2136 1443 2187 potest
1460 2133 1608 2177 videri.

297 2200 493 2243 Alterum
534 2200 699 2242 accedit
738 2203 780 2242 et
809 2201 981 2254 gravius
1010 2204 1283 2243 momentum.
1341 2200 1513 2256 Dialogi
1540 2214 1608 2248 ar-
1629 2230 1646 2245 .

184 2270 434 2323 gumentum
494 2267 646 2320 ipsum,
701 2268 814 2321 quod
860 2268 1116 2311 rhetoricam
1164 2271 1327 2313 tractat
1372 2268 1610 2322 materiam,

184 2336 399 2379 diversum
445 2346 495 2377 ac
537 2334 580 2376 in
625 2334 743 2378 libris
785 2334 1002 2378 historicis
1046 2335 1190 2378 stilum
1234 2336 1491 2390 postulabat.
1559 2336 1609 2379 In

301 2560 333 2602 ¹)
357 2568 392 2592 v.
419 2556 496 2592 inst
536 2560 629 2592 orat.
656 2557 746 2593 XII.
776 2559 829 2594 10.
856 2560 889 2600 ἒ.
915 2559 972 2594 46.

298 2613 334 2657 ²)
357 2612 406 2648 cf.
431 2612 624 2648 Eckstein.
650 2613 672 2648 l.
697 2613 723 2648 1.
748 2624 786 2658 p.
812 2614 868 2655 76.
