1751 2767
48 146 347 216 ,121fsssplunm1s
370 138 480 197 viris
496 148 640 210 doctis
667 119 772 196 baec
802 106 1034 212 sententia
1044 151 1257 208 usurpata
1269 104 1369 214 est.

130 209 244 265 >Ιισο
254 220 408 276 Langii
435 219 593 266 subtile
629 206 933 276 argumentum
965 221 1062 265 nolo
1093 218 1277 283 urgere,
1289 225 1389 277 (1ιι.

115 293 133 319 1
147 282 376 343 epistulam
402 288 640 334 Plinianam
669 290 726 333 ad
766 288 907 333 Taciti
941 289 1153 345 quandam
1190 267 1424 356 epistulam

147 355 318 412 quidem
356 356 625 411 deperditam
667 356 878 411 respicere
916 356 1079 414 eodem
1107 355 1198 399 iure
1231 358 1375 410 potest
1408 345 1564 415 coil&

145 424 290 479 Atque
320 436 371 468 eo
399 425 538 479 magis
566 420 761 480 equidem
790 425 834 480 in
852 410 962 468 hanc
982 424 1236 484 sententiam
1255 423 1424 475 inclino,
1440 423 1534 489 qu]

144 492 236 536 veri
264 493 526 548 simillimum
555 498 622 538 est
646 493 843 547 Plinium,
874 495 1031 570 quippe
1060 492 1131 548 qui
1169 491 1387 535 occasione
1422 478 1565 541 oblata
1599 528 1610 543 ζ

145 561 261 604 viros
301 561 487 607 celebres
531 562 793 617 maximeque
832 561 989 605 amicos
1028 572 1127 604 suos
1168 570 1413 614 eorumque
1436 551 1566 614 opera
1591 573 1629 618 ¹⁴

146 628 388 673 honorificis
428 629 568 673 verbis
584 628 794 684 ‘prosequi
833 632 1047 685 nunquam
1078 628 1250 679 omittit,
1293 626 1372 670 hoc
1395 622 1565 685 'quoque
1660 668 1670 686 ‚

146 696 239 739 loco
275 697 454 740 ornandi
495 700 538 739 et
580 697 784 741 laudandi
829 700 958 740 causa
986 696 1148 752 aliquid·
1183 695 1399 747 adiecisse,
1434 694 1475 739 si
1509 693 1565 738 ad
1617 692 1635 710 '⁹‘
1648 697 1656 705 ”

147 764 412 818 praeclarum
442 765 578 807 Taciti
605 765 793 808 libellum
822 766 1027 808 voluisset
1063 764 1263 807 alludere.
1271 764 1304 818 1)
1363 763 1565 805 Attamen

147 831 224 874 id'
212 845 298 875 lam
328 833 434 876 satis
463 837 630 876 constat
659 833 818 881 nullam
848 836 1015 877 exstare
1044 845 1096 875 ex
1123 831 1377 886 antiquitate
1396 826 1585 876 dubita?

146 899 307 943 tionem
337 900 390 942 de
420 900 594 943 Tacitea
622 901 781 955 dialogi
819 901 981 954 origine
1019 912 1154 954 neque
1190 899 1419 953 quidquam
1458 910 1564 949 esse,

147 978 223 1009 cur
251 966 471 1010 dubitetur
500 968 553 1010 de
582 967 666 1012 fide
696 968 898 1012 librorum
927 967 1323 1021 manuscriptorum.

260 1036 368 1079 Cum
397 1035 528 1090 igitur
557 1041 755 1080 externae
784 1048 937 1080 causae
956 1040 1005 1078 ut
1034 1035 1096 1078 ita
1121 1035 1260 1077 dicam
1279 1046 1369 1076 ιιοιι
1382 1032 1563 1085 obstent,

147 1104 204 1146 ad
240 1103 418 1146 alteram
460 1104 826 1147 commentationis
870 1109 1037 1158 partem
1087 1102 1280 1145 ducimur
1330 1101 1394 1144 de.
1425 1100 1565 1152 libello
1613 1140 1619 1149 ,

147 1171 241 1225 ipso
276 1172 330 1214 de
366 1172 503 1225 iisque
542 1185 649 1227 quae
684 1172 728 1214 in
757 1185 808 1214 eo
837 1173 1119 1222 continentur,
1155 1174 1199 1212 et
1227 1170 1311 1212 iam
1341 1173 1407 1212 est
1436 1181 1565 1224 quae-

146 1239 326 1281 rendum
355 1263 410 1269 —-
440 1240 493 1281 de
523 1239 709 1282 dictione
738 1240 848 1282 enim
889 1239 1189 1294 quaestionem,
1227 1249 1335 1291 quae
1373 1240 1440 1280 est
1475 1250 1564 1280 om—

146 1306 264 1348 nium
294 1309 338 1349 et
364 1305 612 1350 difficillima
652 1311 696 1350 et
735 1307 997 1362 gravissima,
1037 1307 1092 1349 ad
1131 1303 1362 1349 extremam
1400 1308 1565 1360 partem

145 1372 411 1431 proferemus
430 1399 498 1426 —,
530 1387 631 1417 num
660 1376 728 1418 vel
757 1380 998 1430 temporum
1028 1365 1312 1430 descriptione
1330 1372 1564 1416 historicis-

146 1454 226 1496 que
255 1441 422 1485 indiciis
442 1443 510 1485 vel
530 1443 701 1498 ingenio
730 1448 774 1487 et
804 1444 1027 1488 sententiis
1047 1457 1154 1500 quae
1171 1444 1317 1496 insint,
1350 1446 1399 1486 ut
1418 1441 1566 1485 Tacito
1588 1474 1592 1480 .

147 1509 361 1563 dialogum
378 1513 528 1554 contra
541 1511 744 1554 librorum
759 1513 1031 1555 traditionem
1045 1512 1333 1555 abiudicemus
1353 1521 1565 1568 cogamur.

258 1576 446 1621 Primum
476 1578 608 1633 igitur
632 1580 685 1622 de
705 1580 910 1634 personis,
941 1592 1049 1634 quae
1064 1579 1176 1623 inter
1195 1591 1240 1622 se
1260 1577 1564 1632 colloquuntur,
1635 1617 1641 1621 ι

147 1646 202 1688 de
231 1649 436 1699 tempore,
473 1659 556 1700 quo
600 1647 794 1700 dialogus
837 1647 1058 1689 institutus
1102 1646 1290 1699 fingitur,
1334 1646 1388 1687 de
1430 1644 1567 1687 Taciti

147 1712 282 1766 ipsius
309 1716 453 1755 aetate
483 1713 709 1756 dicendum
740 1714 842 1765 erit;
874 1726 971 1756 nam
1002 1717 1045 1756 et
1073 1713 1177 1756 haec
1212 1712 1364 1764 omnia,
1401 1711 1568 1755 etiamsi

148 1779 202 1822 ab
231 1779 450 1822 Exsteinio
469 1779 513 1823 in
532 1780 752 1834 praeclara
772 1780 1072 1824 dissertatione
1092 1780 1176 1823 iam
1196 1780 1364 1835 saepius
1392 1779 1567 1823 laudata

148 1851 239 1890 tam
269 1847 437 1901 copiose
466 1861 591 1902 quam
621 1853 817 1892 accurate
847 1850 1056 1903 explicata
1085 1853 1197 1900 sunt,
1227 1855 1369 1891 tamen
1397 1848 1465 1891 hic
1499 1851 1566 1897 at-

148 1915 315 1969 tingere
346 1927 452 1968 opus
482 1919 559 1966 est,
591 1928 643 1958 ne
673 1916 775 1970 quid
805 1929 932 1970 grave
961 1915 1365 1971 praetermittamus.

262 1983 403 2036 Atque
451 1995 598 2026 ansam
649 1983 819 2027 subiicit
865 1984 1059 2038 inprimis
1100 1983 1299 2037 Vipstani
1346 1983 1589 2027 Messallae·

149 2061 317 2099 nomen,
348 2048 416 2090 cui
443 2050 669 2102 primariae
699 2050 743 2093 in
763 2051 931 2104 dialogo
960 2055 1104 2105 partes
1124 2054 1223 2094 sunt
1242 2051 1438 2094 traditae.
1487 2051 1569 2103 Qui

148 2117 276 2160 homo
306 2115 446 2158 clarus
474 2115 583 2159 bello
612 2129 688 2161 nec
718 2118 857 2162 minus
886 2119 1064 2173 insignis
1092 2119 1135 2161 in
1173 2118 1264 2161 foro
1292 2119 1437 2162 multis
1465 2118 1568 2162 locis

150 2196 177 2225 a
196 2183 344 2225 Tacito
364 2182 456 2236 ipso
477 2195 572 2225 cum
591 2184 716 2227 laude
735 2185 805 2227 ita.
816 2186 1070 2236 nominatur,
1100 2188 1149 2227 ut
1174 2185 1362 2229 amicitia
1385 2179 1566 2242 quadam
1621 2230 1623 2233 ζ
1663 2189 1667 2194 ’

151 2251 191 2295 ei
220 2250 472 2295 coniunctus
501 2263 593 2295 esse
621 2251 828 2296 videatur.
886 2253 1005 2297 Bello
1034 2253 1146 2297 inter
1174 2252 1481 2308 Vespasianum
1517 2266 1568 2298 ac

267 2477 299 2520 ¹)
322 2475 463 2513 Videas
487 2486 581 2520 quae
605 2487 627 2512 a
651 2477 821 2515 Steinero
847 2477 886 2514 in
910 2478 1174 2516 dissertatione
1198 2481 1442 2526 progammati
1464 2490 1565 2528 gym

152 2531 250 2568 nasii
273 2532 563 2569 Crucenacensis
586 2543 621 2568 a.
648 2534 748 2570 1863.
773 2534 948 2571 adiuncta
972 2536 1091 2580 „iiber
1115 2536 1189 2572 den
1213 2537 1395 2587 dialoqus
1410 2539 1459 2575 de
1477 2550 1568 2575 ora-

153 2587 330 2626 toribus“
354 2600 391 2634 p.
418 2591 474 2626 12.
501 2600 557 2633 sq.
582 2590 726 2634 prolata
750 2594 848 2627 sunt.

1535 332 1604 346 .....
