1751 2767
159 129 309 228 Magni
336 173 526 216 aetatem
555 175 731 227 praeter
750 172 996 216 Caroliuam
1017 185 1145 228 quam
1165 173 1317 217 dicunt
1333 142 1594 242 scripturam
1615 149 1690 235 255}-

161 240 441 284 minusculam
470 240 653 283 maxime
680 240 725 282 in
754 252 836 284 usu
871 239 965 283 fuit.
973 241 1009 295 1)
1066 240 1192 284 Illum
1220 240 1365 284 autem
1403 228 1593 286 codicem
1629 240 1646 281 -Ϊ
1675 238 1751 284 μὴ

161 305 398 361 principem
418 319 470 350 ex
489 319 601 350 nono
619 306 687 349 'vel
707 306 873 350 decimo
893 307 1064 351 saeculo
1092 306 1300 350 traditum
1333 306 1500 351 Taciti
1498 308 1598 364 no-I
1659 346 1664 351 .
1687 304 1751 348 L22-2‘2

162 385 261 417 men
274 372 493 417 indicasse
522 385 574 416 ex
603 386 654 416 eo
683 374 888 428 sequitur,
919 374 1034 428 quod
1062 385 1208 417 omnes
1237 373 1407 418 codices
1442 385 1592 428 super·

161 441 287 485 stites
328 441 383 484 de
421 454 473 485 eo
512 442 797 486 consentiunt.
857 441 1051 497 Scriptor
1088 441 1311 496 archetypi
1348 441 1481 496 igitur
1518 441 1618 487 mo-
1687 441 1693 460 ⁵

161 509 305 564 prisco
350 512 545 564 tempore
583 522 667 553 non
704 508 919 552 dubitavit
959 510 1013 552 de
1048 508 1198 553 Tacito
1228 508 1387 565 dialogi
1420 506 1594 554 auctore
1625 555 1627 558 ,

162 581 294 632 atque
332 578 425 631 ipse
465 577 575 620 hanc
617 577 895 620 traditionem
940 577 1024 618 iam
1061 589 1088 619 a
1121 576 1336 631 prioribus
1376 577 1593 630 acceperit
1675 595 1688 627 ,·

162 655 336 688 neeesse
365 647 444 688 est.
502 643 649 699 Neque
676 644 788 687 enim
808 643 909 687 licet
929 643 1139 688 coniicere
1157 642 1290 695 illum,
1321 644 1359 687 si
1377 643 1593 698 dialogum

162 712 247 754 alio
284 711 456 754 nomine
501 710 721 764 adscripto
758 711 825 753 vel
872 723 1127 764 anonymum
1169 711 1412 764 reperisset,
1456 711 1594 754 Taciti

161 790 318 822 nomen
346 777 538 833 potuisse
567 790 842 832 praeponere.
901 777 1013 821 Nam
1042 777 1217 821 Tacitus
1245 777 1335 821 fere
1354 790 1431 832 per
1449 781 1588 821 totum

161 857 313 888 aevum
343 845 531 888 medium
560 845 683 899 quasi
716 845 889 899 ignotus
918 843 1012 896 fuit,
1035 848 1087 890 ,et
1123 844 1344 888 rarissima
1371 848 1472 888 sunt
1499 845 1591 889 eius

160 913 356 968 vestigia.
415 911 498 955 Per
533 912 708 967 longum
747 913 919 967 quidem
957 916 1128 966 tempus
1156 913 1293 966 viguit
1328 913 1420 956 eius
1458 908 1593 967 gloria

163 980 331 1035 (gloria,
363 979 472 1031 dic0,
503 991 586 1021 non
628 979 803 1024 effectus
840 983 884 1021 et
922 979 1178 1031 auctoritas3
1222 991 1321 1022 nam
1362 979 1593 1034 scriptores

161 1046 367 1089 historiae
396 1046 620 1100 Augustae
650 1046 842 1089 Suetonii
870 1047 1013 1100 potius
1032 1046 1272 1100 exemplum
1293 1047 1430 1090 secuti
1449 1048 1592 1101 sunt);

160 1113 219 1157 M.
259 1112 464 1157 Claudius
504 1112 679 1157 Tacitus
722 1113 956 1168 imperator
983 1126 1021 1158 a.
1054 1118 1149 1158 276.
1178 1126 1304 1157 aerae
1332 1113 1520 1169 vulgaris
1549 1121 1594 1158 et

161 1181 374 1224 Polemius
404 1181 647 1234 praefectus
676 1181 891 1234 praetorio
935 1181 979 1223 in
1023 1181 1162 1224 Gallia
1204 1194 1242 1223 a.
1283 1181 1371 1224 fere
1407 1187 1503 1225 476.
1522 1185 1532 1189 “
1548 1182 1591 1225 in

159 1248 320 1292 honore
362 1252 598 1302 posuerunt
632 1248 828 1292 Tacitum
868 1248 1119 1303 scriptorem
1158 1249 1270 1292 inter
1308 1249 1491 1293 maiores
1519 1249 1588 1304 ip·

160 1330 305 1360 sorum
355 1317 590 1368 numerari;
642 1317 816 1360 Flavius
858 1317 1070 1370 Vopiscus
1121 1315 1387 1369 Syracusius,
1434 1315 1592 1359 Paulus

160 1384 339 1428 Orosius
357 1383 593 1438 presbyter,
616 1384 662 1427 C.
685 1384 840 1427 Sollius
860 1382 1118 1438 Apollinaris
1134 1382 1332 1426 Sidonius
1348 1395 1443 1426 cum
1465 1383 1591 1442 laude

160 1453 252 1494 eius
281 1452 541 1496 mentionem
571 1450 757 1503 faciunt;
799 1452 1080 1495 Cassiodorus
1107 1453 1152 1492 et
1171 1450 1387 1493 Jordanus
1405 1450 1449 1494 in
1468 1449 1588 1503 libro,

161 1521 234 1576 qui
262 1521 318 1563 de
337 1519 465 1563 rebus
493 1520 644 1575 geticis
676 1519 934 1571 inscribitur,
965 1518 1056 1562 eius
1086 1517 1331 1561 testimonia
1355 1517 1587 1571 proferunt,

159 1589 219 1631 At
246 1591 346 1642 post
375 1591 542 1631 sextum
572 1599 702 1630 aerae
730 1591 902 1630 nostrae
932 1585 1148 1629 saeculum
1178 1586 1316 1628 omnis
1345 1584 1483 1629 Taciti
1510 1597 1588 1629 no-

157 1656 257 1699 titia
286 1655 409 1699 abest
438 1658 616 1709 excepto
645 1668 729 1698 uno
759 1655 966 1709 exemplo,
1011 1653 1127 1708 quod
1170 1665 1221 1695 ex
1264 1665 1374 1696 nono
1419 1654 1588 1705 saeculo

160 1726 373 1766 secretum
403 1726 448 1764 et
477 1722 692 1775 singulare
711 1725 863 1764 exstat.
928 1720 1163 1763 Ruodolfus
1202 1720 1327 1771 enim,
1358 1720 1590 1763 monachus

155 1790 330 1844 quidam
358 1789 597 1840 Fuldensis,
629 1788 825 1831 Rhabani
854 1788 992 1830 Mauri
1030 1788 1264 1841 discipulus
1303 1792 1348 1830 et
1385 1788 1590 1832 Ludovici

157 1856 224 1899 Pii
252 1856 454 1900 sacerdos
474 1856 662 1908 intimus,
683 1856 755 1910 qui
775 1855 950 1898 annales
970 1855 1206 1898 Fuldenses
1232 1855 1332 1897 inde
1351 1855 1405 1898 ab
1425 1868 1463 1898 a.
1490 1859 1588 1899 838.

157 1936 293 1978 usque
335 1924 392 1965 ad
424 1936 462 1965 a.
494 1928 588 1965 863.
620 1923 885 1976 conscripsit,
906 1923 963 1964 ad
983 1935 1021 1965 a.
1044 1927 1139 1966 852.
1160 1924 1362 1966 adnotat:
1393 1924 1587 1974 ,‚amnis‚

157 2005 280 2050 quem
312 1990 543 2034 Cornelius
578 1990 770 2042 Tacitus,
810 1992 1009 2046 scriptor
1042 2003 1189 2033 rerum
1229 2004 1258 2032 a
1296 1990 1507 2033 Romanis
1542 1992 1588 2033 in

158 2073 213 2102 ea
250 2064 381 2115 yeme
410 2063 651 2113 ,qe-starum,
691 2058 924 2113 Visurgim,
969 2058 1168 2100 moderni
1201 2070 1308 2099 vero
1352 2057 1589 2101 Wisaraha

155 2129 357 2170 ‘coctum‘
386 2125 510 2178 cet.²)
541 2125 655 2179 quod
676 2137 726 2167 ex
755 2137 852 2167 ann.
882 2123 952 2167 lib.
974 2124 1030 2166 Π.
1063 2137 1097 2168 c.
1130 2130 1168 2167 9.
1206 2130 1268 2167 11.
1306 2129 1369 2167 16.
1397 2128 1586 2168 noverat.

157 2194 279 2235 Idem
318 2192 403 2234 alio
439 2191 543 2241 1000,
582 2204 664 2244 quo
704 2191 894 2234 Saxones
929 2192 986 2233 ad
1025 2191 1274 2244 religionem
1311 2190 1586 2234 christianam
1623 2204 1626 2205 ⁷

157 2260 347 2303 nondum
376 2270 604 2302 conversos
633 2256 849 2308 describit,
883 2270 934 2300 ex
963 2257 1102 2301 Taciti
1132 2257 1363 2301 Germania
1393 2269 1452 2300 cc.
1484 2262 1524 2300 4.
1548 2263 1586 2300 9.

274 2484 304 2526 ¹)
329 2482 441 2517 Certe
473 2480 559 2520 inde
588 2480 635 2516 ab
667 2484 832 2517 extremo
868 2481 918 2519 X.
949 2481 1097 2518 saeculo
1130 2481 1197 2519 illa
1221 2482 1408 2528 scriptura
1430 2493 1503 2519 uon
1528 2486 1588 2520 est

157 2537 312 2574 usitata.

270 2595 303 2636 ²)
329 2593 454 2638 Perta,
480 2603 640 2629 monum.
669 2593 790 2628 Germ.
818 2593 907 2628 hist.
933 2593 966 2628 I.
993 2603 1027 2638 p.
1050 2593 1132 2629 368.
