1751 2767
433 174 600 221 umque
610 162 813 218 redoleat,
842 132 959 208 baud
976 163 1173 219 ambigue
1196 164 1419 208 iudicavit.
1458 164 1568 208 Nam

330 222 452 290 1,,,οιῖ
463 231 508 276 in
546 228 738 276 dictione
759 233 997 286 ornatuque
1025 231 1211 274 oratorio
1239 233 1284 273 et
1310 230 1356 274 in
1383 229 1567 274 vocabu-

242 347 253 351 ,
301 293 685 363 „figurarumque
709 311 790 341 usu
838 297 1136 341 similitudines
1183 299 1466 352 reperiuntur,
1515 311 1567 341 ex

169 355 314 425 ‘uibus
330 366 526 417 Tacitum
555 364 761 421 agnoscas
789 368 917 420 atque
944 354 1069 408 multi
1087 365 1167 408 viri
1186 365 1302 408 docti
1320 365 1413 410 sine
1437 365 1566 408 dubio

265 434 468 488 scendum
511 436 781 488 putaverunt.
838 432 1042 487 Exempla
1085 435 1184 476 sunt
1225 433 1341 476 haec.
1382 432 1567 481 Multus

155 499 239 556 sssste
250 501 425 546 Tacitus
451 502 495 545 in
525 509 849 556 synonymorum
877 512 958 544 usu
988 503 1032 543 et
1059 500 1103 544 in
1129 499 1266 555 figura
1293 505 1339 544 ἕν
1358 497 1430 544 διὰ
1447 501 1567 544 δυοῖν

136 578 263 624 quae
286 569 448 622 ,dicitur
475 568 737 620 adhibenda;
777 568 1021 621 saepissime
1054 568 1269 622 anaphora
1297 569 1566 611 enunciatum

152 635 266 691 tollit
307 640 352 680 et
374 626 545 691 auget:
595 640 639 680 et
678 648 825 680 omnes
862 635 941 679 has
974 634 1131 690 figuras
1165 636 1337 679 minime
1374 648 1494 678 raras
1522 635 1567 678 in

70 700 73 703 ’
154 704 324 758 dialogo
351 704 551 758 reperies.
559 705 614 759 ²),
653 702 855 757 Singulae
874 704 1003 746 etiam
1032 707 1132 746 sunt
1160 715 1283 746 voces
1311 704 1356 745 in
1385 703 1565 756 dialogo,

112 786 124 826 χ
154 777 262 826 quae
300 771 368 813 vel
402 771 519 825 ipsae
556 771 599 813 in
628 770 766 814 Taciti
794 770 923 813 solius
953 770 1072 814 libris
1101 771 1369 814 inveniuntur
1395 770 1463 813 vel
1490 782 1566 824 pe-

153 838 301 882 culiari
356 838 540 893 quadam
600 837 905 892 significatione
964 838 1100 881 Taciti
1150 839 1329 882 maxime
1368 837 1565 893 propriae

48 908 69 924 “’
114 959 116 961 ‚
154 899 299 956 sunta
324 906 385 949 sic
428 906 773 949 histrionalis
814 918 893 948 vox
935 906 1017 949 nisi
1055 906 1098 949 in
1136 919 1231 948 ann.
1260 906 1294 948 I.
1328 911 1392 949 16.
1436 909 1480 948 et
1520 906 1563 948 in

156 973 253 1017 dial.
285 985 319 1017 c.
351 978 417 1017 26.
455 977 499 1017 et
529 978 594 1017 29.
631 986 837 1029 nusquam
874 974 1077 1030 exstat32)
1107 974 1167 1018 sic
1195 974 1398 1029 peculiari
1431 974 1562 1029 signi-

152 1040 345 1085 ficatione
374 1042 531 1085 dicitur
559 1053 685 1084 cura
726 1053 803 1095 pro
846 1053 1000 1094 opere
1048 1043 1370 1096 composito,
1419 1042 1563 1085 libro

11 1111 14 1114 ’
85 1137 90 1140 »
153 1109 460 1164 conscripto
489 1109 532 1152 in
562 1108 660 1152 dial.
691 1121 725 1152 c.
757 1114 795 1167 3.
825 1112 869 1151 et
900 1114 952 1161 6.,
983 1110 1096 1163 quod
1130 1110 1315 1164 exceptis
1353 1109 1564 1164 prioribus

152 1177 361 1219 nonnullis
388 1177 528 1230 poetis
554 1176 725 1229 (Ovidio
755 1163 798 1219 et
825 1176 1063 1230 Propertio)
1085 1178 1199 1230 apud
1218 1178 1352 1220 solum
1372 1178 1563 1220 Tacitum

151 1255 448 1298 nonnunquam
477 1244 699 1297 reperitur,
724 1256 761 1286 e.
783 1256 822 1297 g
843 1256 939 1286 ann.
960 1243 1034 1286 IV.
1059 1249 1143 1296 11.;
1174 1245 1234 1287 sic
1261 1244 1563 1299 plerumque

151 1310 308 1352 dicitur
335 1320 413 1364 pro
442 1323 599 1364 saepe
630 1311 747 1365 (dial.
779 1323 813 1353 c.
848 1316 911 1353 15.
944 1317 1009 1353 31.
1035 1336 1083 1341 -
1105 1324 1200 1353 ann.
1217 1311 1290 1353 IV.
1324 1317 1389 1354 57.
1420 1311 1560 1354 Germ.
1618 1325 1622 1329 ’

153 1389 188 1420 0.
209 1377 310 1434 45.),
340 1382 385 1421 et
416 1378 610 1422 similiter
629 1377 860 1434 plerique
879 1378 1092 1422 interdum
1112 1392 1196 1422 non
1216 1379 1456 1433 maximum,
1487 1380 1563 1424 sed

153 1445 377 1488 dumtaxat
403 1459 603 1500 magnum
632 1458 853 1489 numerum
883 1447 1102 1500 significat,
1133 1448 1159 1490 i.
1191 1461 1229 1502 q.
1258 1448 1414 1490 multi
1444 1448 1562 1503 (dial.

153 1517 274 1555 c.17.
306 1517 373 1555 31.
403 1510 457 1543 ’-
486 1513 586 1556 hist.
617 1513 650 1556 I.
682 1518 748 1557 86.
779 1526 875 1556 ann.
905 1513 978 1558 IV.
1014 1519 1057 1558 ,9.
1095 1521 1161 1560 32.
1192 1515 1294 1570 Agr.
1326 1528 1360 1559 c.
1394 1522 1429 1558 1.
1461 1515 1561 1572 40.),

151 1593 336 1623 rursus
375 1583 463 1624 sive
499 1594 712 1625 rursum
755 1583 1020 1625 adversative
1058 1596 1135 1636 pro
1174 1587 1383 1634 contra,
1414 1584 1476 1625 ita
1512 1587 1562 1625 ut

13 1652 16 1654 ’
76 1639 79 1700 ᾗ
153 1659 306 1701 graeco
335 1641 391 1691 αὖ
417 1649 674 1703 respondeat
712 1649 829 1704 (dial.
870 1661 904 1692 c.
941 1654 1017 1702 18„
1061 1650 1229 1704 saepius
1263 1651 1306 1693 in
1341 1651 1562 1694 annalibus

152 1718 198 1756 et
237 1714 473 1770 historiis);
522 1717 667 1771 quales
711 1717 1038 1771 significationes
1087 1719 1140 1761 ab
1191 1719 1285 1762 aliis
1334 1723 1561 1773 argenteae

151 1780 379 1826 latinitatis
416 1783 692 1837 scriptoribus
716 1785 799 1827 'vix
827 1785 871 1827 in
909 1798 1031 1828 usum
1066 1790 1242 1829 vocatae
1280 1790 1392 1830 sunt.
1455 1786 1560 1829 Per-

151 1849 286 1892 multa
324 1850 408 1894 alia
445 1855 545 1894 sunt
579 1852 784 1896 vocabula
831 1853 876 1895 in
912 1853 1091 1908 dialogo,
1128 1866 1234 1909 quae
1268 1854 1440 1909 quidem
1477 1867 1561 1898 non

74 1930 77 1932 ·
152 1918 267 1970 apud
296 1918 432 1961 solum
461 1919 655 1963 Tacitum
684 1917 968 1973 inveniuntur,
1005 1922 1080 1964 sed
1116 1922 1232 1975 apud
1268 1933 1363 1964 eum
1398 1923 1561 1976 praeci-

150 1995 235 2037 pue
287 1989 387 2028 sunt
441 1987 600 2030 usitata
647 1993 722 2031 aut
774 1988 1001 2042 praecipue
1050 1989 1303 2042 peculiarem
1350 1989 1561 2044 quandam

151 2049 501 2104 significationem
547 2054 725 2098 habent:
783 2056 843 2099 sic
891 2055 1256 2111 frequentissimus
1302 2057 1346 2100 in
1393 2058 1561 2112 dialogo

150 2129 252 2162 usus
281 2123 347 2163 est
375 2122 491 2166 vocis
519 2123 803 2178 ingenium,
834 2138 942 2180 quae
970 2124 1076 2168 nulli
1103 2124 1240 2179 magis
1268 2123 1561 2179 frequentatur

152 2196 279 2239 quam
304 2187 459 2239 ,Tacito
488 2185 540 2233 et
563 2191 780 2235 abstracta
809 2196 853 2235 et
882 2196 1078 2236 concreta
1106 2191 1411 2247 significatione
1439 2192 1561 2235 adhi-

88 2416 91 2418 ,
195 2378 208 2441 L
264 2380 297 2424 ¹)
318 2370 497 2428 Exempla
531 2384 647 2420 multa
679 2387 767 2421 sunt·
800 2385 934 2421 collata
971 2395 994 2421 a
1021 2385 1268 2422 Weinkauffio
1308 2385 1347 2421 in
1377 2384 1557 2429 particula

90 2472 95 2478 χ
122 2456 133 2483 .·
150 2441 276 2479 priore
291 2437 501 2480 praeclarae
519 2439 793 2478 dissertationis
810 2451 903 2485 quae
925 2440 1078 2478 titulum
1099 2441 1194 2489 fert:
1228 2442 1303 2486 „de
1338 2441 1471 2477 Tacito
1501 2442 1555 2476 da·-

34 2512 58 2571 s5
76 2546 78 2548 v
134 2505 136 2507 ·
149 2489 342 2583 ἐιθὶοίίὃῗαί
356 2493 405 2529 de
420 2497 642 2533 oratoribus
657 2497 884 2534 inscribitur
899 2499 1084 2534 auctord‘
1109 2498 1234 2534 Goion.
1247 2498 1343 2535 1857.
1356 2508 1389 2542 p.
1403 2498 1555 2534 15.-19.

262 2604 296 2649 ²)
318 2604 444 2643 videas
467 2607 611 2654 reliqua
633 2611 800 2658 exempla
821 2612 920 2658 apud
942 2611 1130 2649 Eckstein.
1159 2612 1181 2648 l.
1205 2612 1229 2648 l.
1252 2622 1285 2657 p.
1308 2612 1361 2648 83.
1384 2610 1433 2646 in.
