<?xml version="1.0" encoding="UTF-8"?>
<!DOCTYPE html PUBLIC "-//W3C//DTD XHTML 1.0 Transitional//EN"
    "http://www.w3.org/TR/xhtml1/DTD/xhtml1-transitional.dtd">
<html xmlns="http://www.w3.org/1999/xhtml" xml:lang="en" lang="en">
 <head>
  <title>
</title>
<meta http-equiv="Content-Type" content="text/html;charset=utf-8" />
  <meta name='ocr-system' content='tesseract 3.04.00' />
  <meta name='ocr-capabilities' content='ocr_page ocr_carea ocr_par ocr_line ocrx_word'/>
</head>
<body>
  <div class='ocr_page' id='page_1' title='image "4738047_0014.png"; bbox 0 0 1751 2767; ppageno 0'>
   <div class='ocr_carea' id='block_1_1' title="bbox 12 1987 41 2040">
    <p class='ocr_par' dir='ltr' id='par_1_1' title="bbox 12 1987 41 2040">
     <span class='ocr_line' id='line_1_1' title="bbox 12 1987 25 2013; baseline 0 0"><span class='ocrx_word' id='word_1_1' title='bbox 12 1987 25 2013; x_wconf 51' lang='lat' dir='ltr'>x&#39;x</span> 
     </span>
     <span class='ocr_line' id='line_1_2' title="bbox 29 2019 41 2040; baseline 0 0"><span class='ocrx_word' id='word_1_2' title='bbox 29 2019 41 2040; x_wconf 61' lang='grc' dir='ltr'>Χ</span> 
     </span>
    </p>
   </div>
   <div class='ocr_carea' id='block_1_2' title="bbox 41 2043 89 2139">
    <p class='ocr_par' dir='ltr' id='par_1_2' title="bbox 41 2043 89 2139">
     <span class='ocr_line' id='line_1_3' title="bbox 41 2043 46 2052; baseline 0 0"><span class='ocrx_word' id='word_1_3' title='bbox 41 2043 46 2052; x_wconf 42' lang='grc'><strong>1</strong></span> 
     </span>
     <span class='ocr_line' id='line_1_4' title="bbox 47 2054 83 2127; baseline 0 -21"><span class='ocrx_word' id='word_1_4' title='bbox 47 2054 83 2127; x_wconf 19' lang='lat' dir='ltr'>N&amp;</span> 
     </span>
     <span class='ocr_line' id='line_1_5' title="bbox 84 2128 89 2139; baseline 0 0"><span class='ocrx_word' id='word_1_5' title='bbox 84 2128 89 2139; x_wconf 54' lang='grc' dir='ltr'><strong><em>Κ</em></strong></span> 
     </span>
    </p>
   </div>
   <div class='ocr_carea' id='block_1_3' title="bbox 100 2153 144 2209">
    <p class='ocr_par' dir='ltr' id='par_1_3' title="bbox 100 2153 144 2209">
     <span class='ocr_line' id='line_1_6' title="bbox 100 2153 144 2209; baseline 0 -46"><span class='ocrx_word' id='word_1_6' title='bbox 100 2160 125 2209; x_wconf 38' lang='lat' dir='ltr'>X</span> <span class='ocrx_word' id='word_1_7' title='bbox 138 2153 144 2159; x_wconf 62' lang='grc'><strong><em>»</em></strong></span> 
     </span>
    </p>
   </div>
   <div class='ocr_carea' id='block_1_4' title="bbox 45 32 219 102">
    <p class='ocr_par' dir='ltr' id='par_1_4' title="bbox 45 26 219 102">
     <span class='ocr_line' id='line_1_7' title="bbox 45 32 219 102; baseline -0.04 -28"><span class='ocrx_word' id='word_1_8' title='bbox 45 32 83 73; x_wconf 54' lang='grc' dir='ltr'>ζῑ11</span> <span class='ocrx_word' id='word_1_9' title='bbox 130 29 219 102; x_wconf 58' lang='lat'>37⁴</span> 
     </span>
    </p>
   </div>
   <div class='ocr_carea' id='block_1_5' title="bbox 48 169 1751 320">
    <p class='ocr_par' dir='ltr' id='par_1_5' title="bbox 48 154 1751 320">
     <span class='ocr_line' id='line_1_8' title="bbox 48 169 1751 254; baseline -0.004 -22"><span class='ocrx_word' id='word_1_10' title='bbox 48 169 51 171; x_wconf 11' lang='grc' dir='ltr'>ἱ</span> <span class='ocrx_word' id='word_1_11' title='bbox 111 230 114 232; x_wconf 79' lang='grc'>,</span> <span class='ocrx_word' id='word_1_12' title='bbox 143 192 212 232; x_wconf 82' lang='lat' dir='ltr'>est</span> <span class='ocrx_word' id='word_1_13' title='bbox 248 189 319 232; x_wconf 86' lang='lat' dir='ltr'>lib.</span> <span class='ocrx_word' id='word_1_14' title='bbox 361 185 479 232; x_wconf 74' lang='lat' dir='ltr'>vmi</span> <span class='ocrx_word' id='word_1_15' title='bbox 517 201 551 231; x_wconf 91' lang='lat' dir='ltr'>c.</span> <span class='ocrx_word' id='word_1_16' title='bbox 584 194 621 232; x_wconf 85' lang='grc'>6.</span> <span class='ocrx_word' id='word_1_17' title='bbox 655 190 784 231; x_wconf 86' lang='lat' dir='ltr'>extr.:</span> <span class='ocrx_word' id='word_1_18' title='bbox 834 189 948 239; x_wconf 82' lang='lat' dir='ltr'>„sed</span> <span class='ocrx_word' id='word_1_19' title='bbox 983 189 1039 231; x_wconf 80' lang='lat' dir='ltr'>de</span> <span class='ocrx_word' id='word_1_20' title='bbox 1074 188 1194 254; x_wconf 54' lang='lat' dir='ltr'>hoc‘f</span> <span class='ocrx_word' id='word_1_21' title='bbox 1233 188 1370 241; x_wconf 83' lang='lat' dir='ltr'>(recto</span> <span class='ocrx_word' id='word_1_22' title='bbox 1396 186 1571 235; x_wconf 79' lang='lat' dir='ltr'>scilicet</span> <span class='ocrx_word' id='word_1_23' title='bbox 1612 204 1751 252; x_wconf 29' lang='grc' dir='ltr'>*ᾤ</span> 
     </span>
     <span class='ocr_line' id='line_1_9' title="bbox 142 253 1720 320; baseline -0.003 -20"><span class='ocrx_word' id='word_1_24' title='bbox 142 255 400 311; x_wconf 81' lang='lat' dir='ltr'>hyperboles</span> <span class='ocrx_word' id='word_1_25' title='bbox 433 256 535 310; x_wconf 91' lang='grc'><strong>11811)</strong></span> <span class='ocrx_word' id='word_1_26' title='bbox 584 256 742 307; x_wconf 81' lang='lat' dir='ltr'>„satis‚</span> <span class='ocrx_word' id='word_1_27' title='bbox 785 255 891 312; x_wconf 84' lang='lat' dir='ltr'>quia</span> <span class='ocrx_word' id='word_1_28' title='bbox 928 256 1109 298; x_wconf 77' lang='lat' dir='ltr'>eundem</span> <span class='ocrx_word' id='word_1_29' title='bbox 1145 256 1285 298; x_wconf 80' lang='lat' dir='ltr'>locum</span> <span class='ocrx_word' id='word_1_30' title='bbox 1317 255 1490 320; x_wconf 79' lang='lat' dir='ltr'>plenius</span> <span class='ocrx_word' id='word_1_31' title='bbox 1525 255 1570 296; x_wconf 78' lang='lat' dir='ltr'>in</span> <span class='ocrx_word' id='word_1_32' title='bbox 1625 280 1628 282; x_wconf 97' lang='lat'>-</span> <span class='ocrx_word' id='word_1_33' title='bbox 1713 253 1720 262; x_wconf 66' lang='lat'><strong>⁴</strong></span> 
     </span>
    </p>
   </div>
   <div class='ocr_carea' id='block_1_6' title="bbox 140 321 1608 2129">
    <p class='ocr_par' dir='ltr' id='par_1_6' title="bbox 143 321 1608 1317">
     <span class='ocr_line' id='line_1_10' title="bbox 144 321 1570 381; baseline -0.003 -15"><span class='ocrx_word' id='word_1_34' title='bbox 144 337 197 367; x_wconf 93' lang='lat' dir='ltr'>eo</span> <span class='ocrx_word' id='word_1_35' title='bbox 227 323 355 374; x_wconf 81' lang='lat' dir='ltr'>libro,</span> <span class='ocrx_word' id='word_1_36' title='bbox 386 336 472 380; x_wconf 91' lang='lat' dir='ltr'>quo</span> <span class='ocrx_word' id='word_1_37' title='bbox 494 336 697 365; x_wconf 86' lang='lat' dir='ltr'>causas</span> <span class='ocrx_word' id='word_1_38' title='bbox 717 329 1024 377; x_wconf 81' lang='lat' dir='ltr'><strong><em>corruptae</em></strong></span> <span class='ocrx_word' id='word_1_39' title='bbox 1052 323 1396 381; x_wconf 77' lang='lat' dir='ltr'><strong><em>eloquentiae</em></strong></span> <span class='ocrx_word' id='word_1_40' title='bbox 1414 321 1570 376; x_wconf 64' lang='lat' dir='ltr'>redde-</span> 
     </span>
     <span class='ocr_line' id='line_1_11' title="bbox 144 387 1569 444; baseline -0.003 -9"><span class='ocrx_word' id='word_1_41' title='bbox 144 391 311 442; x_wconf 81' lang='lat' dir='ltr'>bamus,</span> <span class='ocrx_word' id='word_1_42' title='bbox 345 391 679 433; x_wconf 79' lang='lat' dir='ltr'>tractavimus“.</span> <span class='ocrx_word' id='word_1_43' title='bbox 738 390 807 433; x_wconf 91' lang='lat' dir='ltr'>Ad</span> <span class='ocrx_word' id='word_1_44' title='bbox 837 390 1019 433; x_wconf 86' lang='lat' dir='ltr'>eundem</span> <span class='ocrx_word' id='word_1_45' title='bbox 1039 390 1193 434; x_wconf 87' lang='lat' dir='ltr'>librum</span> <span class='ocrx_word' id='word_1_46' title='bbox 1222 387 1398 444; x_wconf 82' lang='lat' dir='ltr'>respicit</span> <span class='ocrx_word' id='word_1_47' title='bbox 1425 387 1497 432; x_wconf 90' lang='lat' dir='ltr'>lib.</span> <span class='ocrx_word' id='word_1_48' title='bbox 1517 387 1569 431; x_wconf 90' lang='lat' dir='ltr'>V.</span> 
     </span>
     <span class='ocr_line' id='line_1_12' title="bbox 145 457 1569 518; baseline -0.002 -17"><span class='ocrx_word' id='word_1_49' title='bbox 145 469 180 501; x_wconf 90' lang='lat' dir='ltr'>c.</span> <span class='ocrx_word' id='word_1_50' title='bbox 214 463 278 500; x_wconf 83' lang='lat'>12.</span> <span class='ocrx_word' id='word_1_51' title='bbox 320 461 441 508; x_wconf 75' lang='lat' dir='ltr'>extr..</span> <span class='ocrx_word' id='word_1_52' title='bbox 479 458 551 511; x_wconf 91' lang='lat' dir='ltr'>qui</span> <span class='ocrx_word' id='word_1_53' title='bbox 599 458 717 500; x_wconf 89' lang='lat' dir='ltr'>locus</span> <span class='ocrx_word' id='word_1_54' title='bbox 762 457 978 510; x_wconf 89' lang='lat' dir='ltr'>pertinere</span> <span class='ocrx_word' id='word_1_55' title='bbox 1018 459 1189 500; x_wconf 87' lang='lat' dir='ltr'>videtur</span> <span class='ocrx_word' id='word_1_56' title='bbox 1230 458 1297 518; x_wconf 55' lang='lat' dir='ltr'>ad⁴</span> <span class='ocrx_word' id='word_1_57' title='bbox 1332 457 1569 499; x_wconf 82' lang='lat' dir='ltr'>scholarum</span> 
     </span>
     <span class='ocr_line' id='line_1_13' title="bbox 143 525 1569 580; baseline -0.002 -11"><span class='ocrx_word' id='word_1_58' title='bbox 143 526 453 569; x_wconf 85' lang='lat' dir='ltr'>rhetoricarum</span> <span class='ocrx_word' id='word_1_59' title='bbox 491 525 676 579; x_wconf 82' lang='lat' dir='ltr'>ineptias</span> <span class='ocrx_word' id='word_1_60' title='bbox 712 529 757 568; x_wconf 92' lang='lat' dir='ltr'>et</span> <span class='ocrx_word' id='word_1_61' title='bbox 794 537 932 579; x_wconf 87' lang='lat' dir='ltr'>nugas</span> <span class='ocrx_word' id='word_1_62' title='bbox 969 525 1013 567; x_wconf 93' lang='lat' dir='ltr'>in</span> <span class='ocrx_word' id='word_1_63' title='bbox 1043 525 1214 579; x_wconf 85' lang='lat' dir='ltr'>dialogo</span> <span class='ocrx_word' id='word_1_64' title='bbox 1242 536 1408 580; x_wconf 88' lang='lat' dir='ltr'>quoque</span> <span class='ocrx_word' id='word_1_65' title='bbox 1436 536 1471 567; x_wconf 90' lang='lat' dir='ltr'>c.</span> <span class='ocrx_word' id='word_1_66' title='bbox 1503 528 1569 567; x_wconf 84' lang='lat'>35.</span> 
     </span>
     <span class='ocr_line' id='line_1_14' title="bbox 144 596 1547 635; baseline -0.001 0"><span class='ocrx_word' id='word_1_67' title='bbox 144 596 328 635; x_wconf 88' lang='lat' dir='ltr'>notatas.</span> <span class='ocrx_word' id='word_1_68' title='bbox 1543 619 1547 622; x_wconf 86' lang='lat'><em>-</em></span> 
     </span>
     <span class='ocr_line' id='line_1_15' title="bbox 256 658 1570 714; baseline -0.002 -11"><span class='ocrx_word' id='word_1_69' title='bbox 256 660 347 703; x_wconf 87' lang='lat' dir='ltr'>Iam</span> <span class='ocrx_word' id='word_1_70' title='bbox 392 659 564 714; x_wconf 91' lang='lat' dir='ltr'>quidem</span> <span class='ocrx_word' id='word_1_71' title='bbox 614 672 698 703; x_wconf 91' lang='lat' dir='ltr'>non</span> <span class='ocrx_word' id='word_1_72' title='bbox 751 663 898 713; x_wconf 90' lang='lat' dir='ltr'>potest</span> <span class='ocrx_word' id='word_1_73' title='bbox 938 658 1086 713; x_wconf 85' lang='lat' dir='ltr'>negari</span> <span class='ocrx_word' id='word_1_74' title='bbox 1127 658 1340 713; x_wconf 83' lang='lat' dir='ltr'>dialogum</span> <span class='ocrx_word' id='word_1_75' title='bbox 1377 661 1570 702; x_wconf 89' lang='lat' dir='ltr'>nostrum</span> 
     </span>
     <span class='ocr_line' id='line_1_16' title="bbox 144 726 1570 781; baseline -0.001 -11"><span class='ocrx_word' id='word_1_76' title='bbox 144 727 285 781; x_wconf 85' lang='lat' dir='ltr'>aliquo</span> <span class='ocrx_word' id='word_1_77' title='bbox 315 727 443 768; x_wconf 90' lang='lat' dir='ltr'>modo</span> <span class='ocrx_word' id='word_1_78' title='bbox 473 738 601 780; x_wconf 89' lang='lat' dir='ltr'>agere</span> <span class='ocrx_word' id='word_1_79' title='bbox 631 727 686 768; x_wconf 92' lang='lat' dir='ltr'>de</span> <span class='ocrx_word' id='word_1_80' title='bbox 716 727 856 769; x_wconf 87' lang='lat' dir='ltr'>causis</span> <span class='ocrx_word' id='word_1_81' title='bbox 885 729 1111 779; x_wconf 82' lang='lat' dir='ltr'>corruptae</span> <span class='ocrx_word' id='word_1_82' title='bbox 1140 726 1459 780; x_wconf 87' lang='lat' dir='ltr'>eloquentiae‚¹)</span> <span class='ocrx_word' id='word_1_83' title='bbox 1495 727 1570 770; x_wconf 89' lang='lat' dir='ltr'>sed</span> 
     </span>
     <span class='ocr_line' id='line_1_17' title="bbox 144 792 1571 848; baseline 0 -11"><span class='ocrx_word' id='word_1_84' title='bbox 144 806 198 837; x_wconf 90' lang='lat' dir='ltr'>ne</span> <span class='ocrx_word' id='word_1_85' title='bbox 232 806 344 837; x_wconf 90' lang='lat' dir='ltr'>unus</span> <span class='ocrx_word' id='word_1_86' title='bbox 383 793 555 848; x_wconf 90' lang='lat' dir='ltr'>quidem</span> <span class='ocrx_word' id='word_1_87' title='bbox 597 792 801 836; x_wconf 87' lang='lat' dir='ltr'>librorum</span> <span class='ocrx_word' id='word_1_88' title='bbox 838 793 1000 847; x_wconf 85' lang='lat' dir='ltr'>dialogi</span> <span class='ocrx_word' id='word_1_89' title='bbox 1039 793 1424 847; x_wconf 84' lang='lat' dir='ltr'>manuscriptorum</span> <span class='ocrx_word' id='word_1_90' title='bbox 1461 793 1571 837; x_wconf 84' lang='lat' dir='ltr'>hanc</span> 
     </span>
     <span class='ocr_line' id='line_1_18' title="bbox 144 859 1608 913; baseline 0 -10"><span class='ocrx_word' id='word_1_91' title='bbox 144 861 315 903; x_wconf 83' lang='lat' dir='ltr'>exhibet</span> <span class='ocrx_word' id='word_1_92' title='bbox 350 860 684 913; x_wconf 84' lang='lat' dir='ltr'>inscriptionem,</span> <span class='ocrx_word' id='word_1_93' title='bbox 723 862 800 903; x_wconf 87' lang='lat' dir='ltr'>sed</span> <span class='ocrx_word' id='word_1_94' title='bbox 838 861 880 902; x_wconf 92' lang='lat' dir='ltr'>in</span> <span class='ocrx_word' id='word_1_95' title='bbox 920 859 1115 902; x_wconf 91' lang='lat' dir='ltr'>omnibus</span> <span class='ocrx_word' id='word_1_96' title='bbox 1152 860 1324 902; x_wconf 89' lang='lat' dir='ltr'>titulum</span> <span class='ocrx_word' id='word_1_97' title='bbox 1360 860 1444 902; x_wconf 89' lang='lat' dir='ltr'>fert</span> <span class='ocrx_word' id='word_1_98' title='bbox 1482 861 1570 903; x_wconf 89' lang='lat' dir='ltr'>sive</span> <span class='ocrx_word' id='word_1_99' title='bbox 1596 905 1608 911; x_wconf 66' lang='grc'>,</span> 
     </span>
     <span class='ocr_line' id='line_1_19' title="bbox 144 926 1570 981; baseline 0 -11"><span class='ocrx_word' id='word_1_100' title='bbox 144 928 204 971; x_wconf 89' lang='lat' dir='ltr'>de</span> <span class='ocrx_word' id='word_1_101' title='bbox 234 926 541 970; x_wconf 89' lang='lat' dir='ltr'>oratoribus</span> <span class='ocrx_word' id='word_1_102' title='bbox 571 927 659 970; x_wconf 80' lang='lat' dir='ltr'>sive</span> <span class='ocrx_word' id='word_1_103' title='bbox 690 928 749 970; x_wconf 90' lang='lat' dir='ltr'>de</span> <span class='ocrx_word' id='word_1_104' title='bbox 780 926 1082 971; x_wconf 89' lang='lat' dir='ltr'>oratoribus</span> <span class='ocrx_word' id='word_1_105' title='bbox 1113 931 1163 969; x_wconf 87' lang='lat' dir='ltr'>et</span> <span class='ocrx_word' id='word_1_106' title='bbox 1192 927 1368 981; x_wconf 90' lang='lat' dir='ltr'>poetis</span> <span class='ocrx_word' id='word_1_107' title='bbox 1397 927 1486 970; x_wconf 85' lang='lat' dir='ltr'>sive</span> <span class='ocrx_word' id='word_1_108' title='bbox 1509 928 1570 970; x_wconf 91' lang='lat' dir='ltr'>de</span> 
     </span>
     <span class='ocr_line' id='line_1_20' title="bbox 145 994 1569 1048; baseline -0.001 -12"><span class='ocrx_word' id='word_1_109' title='bbox 145 995 524 1048; x_wconf 84' lang='lat' dir='ltr'>grammaticis</span> <span class='ocrx_word' id='word_1_110' title='bbox 545 999 595 1035; x_wconf 88' lang='lat' dir='ltr'>et</span> <span class='ocrx_word' id='word_1_111' title='bbox 615 994 922 1036; x_wconf 87' lang='lat' dir='ltr'>rhetoribus</span> <span class='ocrx_word' id='word_1_112' title='bbox 942 995 1029 1036; x_wconf 90' lang='lat' dir='ltr'>sive</span> <span class='ocrx_word' id='word_1_113' title='bbox 1049 994 1132 1035; x_wconf 88' lang='lat' dir='ltr'>alia</span> <span class='ocrx_word' id='word_1_114' title='bbox 1152 994 1316 1036; x_wconf 88' lang='lat' dir='ltr'>similia.</span> <span class='ocrx_word' id='word_1_115' title='bbox 1366 994 1569 1036; x_wconf 86' lang='lat' dir='ltr'>Attamen</span> 
     </span>
     <span class='ocr_line' id='line_1_21' title="bbox 143 1060 1569 1115; baseline -0.001 -10"><span class='ocrx_word' id='word_1_116' title='bbox 143 1061 335 1105; x_wconf 89' lang='lat' dir='ltr'>nonnulli</span> <span class='ocrx_word' id='word_1_117' title='bbox 363 1061 448 1104; x_wconf 88' lang='lat' dir='ltr'>illis</span> <span class='ocrx_word' id='word_1_118' title='bbox 478 1061 730 1111; x_wconf 84' lang='lat' dir='ltr'>Quintiliani</span> <span class='ocrx_word' id='word_1_119' title='bbox 759 1060 1141 1115; x_wconf 85' lang='lat' dir='ltr'>significationibus</span> <span class='ocrx_word' id='word_1_120' title='bbox 1160 1060 1325 1103; x_wconf 89' lang='lat' dir='ltr'>inducti</span> <span class='ocrx_word' id='word_1_121' title='bbox 1344 1073 1426 1103; x_wconf 92' lang='lat' dir='ltr'>non</span> <span class='ocrx_word' id='word_1_122' title='bbox 1447 1061 1569 1104; x_wconf 92' lang='lat' dir='ltr'>dubi-</span> 
     </span>
     <span class='ocr_line' id='line_1_22' title="bbox 144 1128 1568 1181; baseline -0.001 -10"><span class='ocrx_word' id='word_1_123' title='bbox 144 1131 344 1171; x_wconf 85' lang='lat' dir='ltr'>taverunt</span> <span class='ocrx_word' id='word_1_124' title='bbox 372 1140 455 1169; x_wconf 91' lang='lat' dir='ltr'>non</span> <span class='ocrx_word' id='word_1_125' title='bbox 498 1128 634 1170; x_wconf 92' lang='lat' dir='ltr'>solum</span> <span class='ocrx_word' id='word_1_126' title='bbox 672 1128 982 1178; x_wconf 83' lang='lat' dir='ltr'>Quintilianum</span> <span class='ocrx_word' id='word_1_127' title='bbox 1021 1128 1300 1181; x_wconf 89' lang='lat' dir='ltr'>pronunciare</span> <span class='ocrx_word' id='word_1_128' title='bbox 1339 1132 1568 1180; x_wconf 84' lang='lat' dir='ltr'>auctorem,</span> 
     </span>
     <span class='ocr_line' id='line_1_23' title="bbox 145 1194 1569 1252; baseline 0 -14"><span class='ocrx_word' id='word_1_129' title='bbox 145 1194 221 1238; x_wconf 88' lang='lat' dir='ltr'>sed</span> <span class='ocrx_word' id='word_1_130' title='bbox 251 1194 381 1238; x_wconf 88' lang='lat' dir='ltr'>etiam</span> <span class='ocrx_word' id='word_1_131' title='bbox 411 1194 531 1237; x_wconf 92' lang='lat' dir='ltr'>illum</span> <span class='ocrx_word' id='word_1_132' title='bbox 562 1195 653 1245; x_wconf 85' lang='lat' dir='ltr'>„de</span> <span class='ocrx_word' id='word_1_133' title='bbox 685 1196 832 1238; x_wconf 76' lang='lat' dir='ltr'>causis</span> <span class='ocrx_word' id='word_1_134' title='bbox 864 1201 1102 1251; x_wconf 76' lang='lat' dir='ltr'>corruptae</span> <span class='ocrx_word' id='word_1_135' title='bbox 1131 1196 1435 1252; x_wconf 83' lang='lat' dir='ltr'>eloquentiae“</span> <span class='ocrx_word' id='word_1_136' title='bbox 1464 1195 1569 1238; x_wconf 89' lang='lat' dir='ltr'>titu-</span> 
     </span>
     <span class='ocr_line' id='line_1_24' title="bbox 144 1262 735 1317; baseline 0 -13"><span class='ocrx_word' id='word_1_137' title='bbox 144 1262 231 1304; x_wconf 92' lang='lat' dir='ltr'>lum</span> <span class='ocrx_word' id='word_1_138' title='bbox 263 1262 434 1315; x_wconf 82' lang='lat' dir='ltr'>dialogo</span> <span class='ocrx_word' id='word_1_139' title='bbox 463 1275 735 1317; x_wconf 88' lang='lat' dir='ltr'>praeponere.</span> 
     </span>
    </p>

    <p class='ocr_par' dir='ltr' id='par_1_7' title="bbox 140 1329 1571 2129">
     <span class='ocr_line' id='line_1_25' title="bbox 257 1329 1568 1385; baseline 0.002 -14"><span class='ocrx_word' id='word_1_140' title='bbox 257 1329 493 1373; x_wconf 88' lang='lat' dir='ltr'>Audiamus</span> <span class='ocrx_word' id='word_1_141' title='bbox 523 1333 683 1381; x_wconf 88' lang='lat' dir='ltr'>contra,</span> <span class='ocrx_word' id='word_1_142' title='bbox 714 1330 868 1385; x_wconf 89' lang='lat' dir='ltr'>quibus</span> <span class='ocrx_word' id='word_1_143' title='bbox 895 1331 948 1373; x_wconf 92' lang='lat' dir='ltr'>de</span> <span class='ocrx_word' id='word_1_144' title='bbox 975 1330 1115 1373; x_wconf 86' lang='lat' dir='ltr'>causis</span> <span class='ocrx_word' id='word_1_145' title='bbox 1137 1329 1357 1373; x_wconf 87' lang='lat' dir='ltr'>Schulzius</span> <span class='ocrx_word' id='word_1_146' title='bbox 1381 1330 1424 1374; x_wconf 90' lang='lat' dir='ltr'>in</span> <span class='ocrx_word' id='word_1_147' title='bbox 1444 1343 1568 1384; x_wconf 83' lang='lat' dir='ltr'>prae-</span> 
     </span>
     <span class='ocr_line' id='line_1_26' title="bbox 141 1397 1569 1451; baseline 0.001 -12"><span class='ocrx_word' id='word_1_148' title='bbox 141 1397 303 1440; x_wconf 85' lang='lat' dir='ltr'>fatione</span> <span class='ocrx_word' id='word_1_149' title='bbox 332 1397 532 1439; x_wconf 89' lang='lat' dir='ltr'>editionis</span> <span class='ocrx_word' id='word_1_150' title='bbox 563 1409 665 1439; x_wconf 88' lang='lat' dir='ltr'>suae</span> <span class='ocrx_word' id='word_1_151' title='bbox 695 1398 851 1451; x_wconf 87' lang='lat' dir='ltr'>dialogi</span> <span class='ocrx_word' id='word_1_152' title='bbox 882 1398 997 1440; x_wconf 90' lang='lat' dir='ltr'>illam</span> <span class='ocrx_word' id='word_1_153' title='bbox 1022 1398 1278 1441; x_wconf 90' lang='lat' dir='ltr'>sententiam</span> <span class='ocrx_word' id='word_1_154' title='bbox 1298 1397 1569 1442; x_wconf 85' lang='lat' dir='ltr'>refutandam</span> 
     </span>
     <span class='ocr_line' id='line_1_27' title="bbox 142 1465 1569 1522; baseline 0.001 -14"><span class='ocrx_word' id='word_1_155' title='bbox 142 1468 300 1508; x_wconf 88' lang='lat' dir='ltr'>censet.</span> <span class='ocrx_word' id='word_1_156' title='bbox 369 1465 472 1515; x_wconf 82' lang='lat' dir='ltr'>„Ut</span> <span class='ocrx_word' id='word_1_157' title='bbox 522 1465 863 1515; x_wconf 83' lang='lat' dir='ltr'>concedamus,“</span> <span class='ocrx_word' id='word_1_158' title='bbox 910 1465 1062 1519; x_wconf 81' lang='lat' dir='ltr'>inquit,</span> <span class='ocrx_word' id='word_1_159' title='bbox 1108 1466 1260 1522; x_wconf 80' lang='lat' dir='ltr'>„quod</span> <span class='ocrx_word' id='word_1_160' title='bbox 1294 1468 1448 1522; x_wconf 73' lang='lat' dir='ltr'>neqari</span> <span class='ocrx_word' id='word_1_161' title='bbox 1481 1480 1569 1509; x_wconf 87' lang='lat' dir='ltr'>non</span> 
     </span>
     <span class='ocr_line' id='line_1_28' title="bbox 140 1531 1569 1587; baseline 0.001 -13"><span class='ocrx_word' id='word_1_162' title='bbox 140 1537 304 1586; x_wconf 81' lang='lat' dir='ltr'>potest,</span> <span class='ocrx_word' id='word_1_163' title='bbox 350 1532 474 1574; x_wconf 78' lang='lat' dir='ltr'>hiare</span> <span class='ocrx_word' id='word_1_164' title='bbox 518 1531 737 1587; x_wconf 65' lang='lat' dir='ltr'>dialogum</span> <span class='ocrx_word' id='word_1_165' title='bbox 783 1533 850 1575; x_wconf 86' lang='lat' dir='ltr'>bis</span> <span class='ocrx_word' id='word_1_166' title='bbox 893 1534 965 1574; x_wconf 83' lang='lat' dir='ltr'>vel</span> <span class='ocrx_word' id='word_1_167' title='bbox 996 1533 1110 1575; x_wconf 83' lang='lat' dir='ltr'>adeo</span> <span class='ocrx_word' id='word_1_168' title='bbox 1147 1538 1213 1573; x_wconf 88' lang='lat' dir='ltr'>ter</span> <span class='ocrx_word' id='word_1_169' title='bbox 1250 1534 1443 1576; x_wconf 86' lang='lat' dir='ltr'>lacunis.-</span> <span class='ocrx_word' id='word_1_170' title='bbox 1491 1548 1569 1576; x_wconf 87' lang='lat' dir='ltr'>eae</span> 
     </span>
     <span class='ocr_line' id='line_1_29' title="bbox 144 1591 1569 1656; baseline 0.001 -14"><span class='ocrx_word' id='word_1_171' title='bbox 144 1605 303 1649; x_wconf 86' lang='lat' dir='ltr'>tamen,</span> <span class='ocrx_word' id='word_1_172' title='bbox 341 1612 597 1656; x_wconf 78' lang='lat' dir='ltr'>quamquam</span> <span class='ocrx_word' id='word_1_173' title='bbox 633 1591 688 1641; x_wconf 87' lang='lat' dir='ltr'>de</span> <span class='ocrx_word' id='word_1_174' title='bbox 724 1612 874 1642; x_wconf 88' lang='lat' dir='ltr'>earum</span> <span class='ocrx_word' id='word_1_175' title='bbox 910 1598 1072 1642; x_wconf 87' lang='lat' dir='ltr'>ambitu</span> <span class='ocrx_word' id='word_1_176' title='bbox 1099 1597 1261 1653; x_wconf 75' lang='lat' dir='ltr'>faciles</span> <span class='ocrx_word' id='word_1_177' title='bbox 1288 1613 1452 1651; x_wconf 86' lang='lat' dir='ltr'>sumus,</span> <span class='ocrx_word' id='word_1_178' title='bbox 1481 1613 1569 1643; x_wconf 86' lang='lat' dir='ltr'>non</span> 
     </span>
     <span class='ocr_line' id='line_1_30' title="bbox 142 1666 1570 1722; baseline 0.002 -15"><span class='ocrx_word' id='word_1_179' title='bbox 142 1666 258 1709; x_wconf 86' lang='lat' dir='ltr'>adeo</span> <span class='ocrx_word' id='word_1_180' title='bbox 289 1667 462 1720; x_wconf 82' lang='lat' dir='ltr'>amplae</span> <span class='ocrx_word' id='word_1_181' title='bbox 501 1672 543 1708; x_wconf 89' lang='lat' dir='ltr'>et</span> <span class='ocrx_word' id='word_1_182' title='bbox 579 1668 771 1722; x_wconf 79' lang='lat' dir='ltr'>insiynes</span> <span class='ocrx_word' id='word_1_183' title='bbox 809 1673 927 1716; x_wconf 82' lang='lat' dir='ltr'>sunt,</span> <span class='ocrx_word' id='word_1_184' title='bbox 968 1673 1017 1708; x_wconf 91' lang='lat' dir='ltr'>ut</span> <span class='ocrx_word' id='word_1_185' title='bbox 1045 1666 1225 1708; x_wconf 82' lang='lat' dir='ltr'>uberior</span> <span class='ocrx_word' id='word_1_186' title='bbox 1265 1669 1476 1709; x_wconf 84' lang='lat' dir='ltr'>tractatio</span> <span class='ocrx_word' id='word_1_187' title='bbox 1515 1669 1570 1710; x_wconf 82' lang='lat' dir='ltr'>de</span> 
     </span>
     <span class='ocr_line' id='line_1_31' title="bbox 142 1732 1567 1792; baseline 0.001 -17"><span class='ocrx_word' id='word_1_188' title='bbox 142 1732 393 1789; x_wconf 77' lang='lat' dir='ltr'>hyperbole,</span> <span class='ocrx_word' id='word_1_189' title='bbox 424 1733 479 1776; x_wconf 89' lang='lat' dir='ltr'>de</span> <span class='ocrx_word' id='word_1_190' title='bbox 508 1734 736 1787; x_wconf 81' lang='grc' dir='ltr'><strong><em>κακοζηλία</em></strong></span> <span class='ocrx_word' id='word_1_191' title='bbox 770 1734 849 1784; x_wconf 85' lang='lat' dir='ltr'>(de</span> <span class='ocrx_word' id='word_1_192' title='bbox 880 1748 969 1792; x_wconf 90' lang='lat' dir='ltr'>qua</span> <span class='ocrx_word' id='word_1_193' title='bbox 999 1733 1123 1789; x_wconf 86' lang='lat' dir='ltr'>apud</span> <span class='ocrx_word' id='word_1_194' title='bbox 1156 1732 1468 1786; x_wconf 76' lang='lat' dir='ltr'>Quintilianum</span> <span class='ocrx_word' id='word_1_195' title='bbox 1498 1735 1567 1778; x_wconf 90' lang='lat' dir='ltr'>lib.</span> 
     </span>
     <span class='ocr_line' id='line_1_32' title="bbox 152 1800 1571 1858; baseline 0.002 -15"><span class='ocrx_word' id='word_1_196' title='bbox 152 1800 268 1843; x_wconf 79' lang='lat' dir='ltr'>Vm.</span> <span class='ocrx_word' id='word_1_197' title='bbox 309 1814 344 1843; x_wconf 88' lang='lat' dir='ltr'>c.</span> <span class='ocrx_word' id='word_1_198' title='bbox 386 1805 423 1844; x_wconf 92' lang='lat'>3.</span> <span class='ocrx_word' id='word_1_199' title='bbox 463 1803 634 1857; x_wconf 75' lang='lat' dir='ltr'>ayitur)</span> <span class='ocrx_word' id='word_1_200' title='bbox 672 1804 935 1858; x_wconf 72' lang='lat' dir='ltr'>reliquisque</span> <span class='ocrx_word' id='word_1_201' title='bbox 973 1803 1191 1844; x_wconf 81' lang='lat' dir='ltr'>orationis</span> <span class='ocrx_word' id='word_1_202' title='bbox 1230 1803 1301 1846; x_wconf 86' lang='lat' dir='ltr'>vel</span> <span class='ocrx_word' id='word_1_203' title='bbox 1336 1803 1456 1844; x_wconf 81' lang='lat' dir='ltr'>vitiis</span> <span class='ocrx_word' id='word_1_204' title='bbox 1500 1804 1571 1846; x_wconf 79' lang='lat' dir='ltr'>vel</span> 
     </span>
     <span class='ocr_line' id='line_1_33' title="bbox 143 1868 1569 1925; baseline 0.001 -14"><span class='ocrx_word' id='word_1_205' title='bbox 143 1868 411 1911; x_wconf 78' lang='lat' dir='ltr'>ornamentis</span> <span class='ocrx_word' id='word_1_206' title='bbox 437 1869 532 1911; x_wconf 87' lang='lat' dir='ltr'>sine</span> <span class='ocrx_word' id='word_1_207' title='bbox 552 1869 641 1911; x_wconf 91' lang='lat' dir='ltr'>ullo</span> <span class='ocrx_word' id='word_1_208' title='bbox 665 1870 947 1912; x_wconf 72' lang='lat' dir='ltr'>connexionis</span> <span class='ocrx_word' id='word_1_209' title='bbox 972 1869 1157 1924; x_wconf 66' lang='lat' dir='ltr'>vestigio</span> <span class='ocrx_word' id='word_1_210' title='bbox 1177 1868 1353 1911; x_wconf 76' lang='lat' dir='ltr'>exidere</span> <span class='ocrx_word' id='word_1_211' title='bbox 1367 1871 1569 1925; x_wconf 76' lang='lat' dir='ltr'>potuisse</span> 
     </span>
     <span class='ocr_line' id='line_1_34' title="bbox 142 1935 1568 1992; baseline 0.001 -14"><span class='ocrx_word' id='word_1_212' title='bbox 142 1936 360 1979; x_wconf 83' lang='lat' dir='ltr'>videatur.</span> <span class='ocrx_word' id='word_1_213' title='bbox 420 1935 520 1977; x_wconf 88' lang='lat' dir='ltr'>Nec</span> <span class='ocrx_word' id='word_1_214' title='bbox 553 1936 782 1990; x_wconf 85' lang='lat' dir='ltr'>probabile</span> <span class='ocrx_word' id='word_1_215' title='bbox 813 1943 877 1978; x_wconf 89' lang='lat' dir='ltr'>est</span> <span class='ocrx_word' id='word_1_216' title='bbox 904 1937 1218 1988; x_wconf 81' lang='lat' dir='ltr'>Quintilianum</span> <span class='ocrx_word' id='word_1_217' title='bbox 1248 1936 1307 1978; x_wconf 85' lang='lat' dir='ltr'>ibi</span> <span class='ocrx_word' id='word_1_218' title='bbox 1329 1937 1383 1979; x_wconf 86' lang='lat' dir='ltr'>de</span> <span class='ocrx_word' id='word_1_219' title='bbox 1413 1937 1568 1992; x_wconf 78' lang='lat' dir='ltr'>hyper-</span> 
     </span>
     <span class='ocr_line' id='line_1_35' title="bbox 142 2002 1568 2062; baseline 0 -15"><span class='ocrx_word' id='word_1_220' title='bbox 142 2003 239 2047; x_wconf 89' lang='lat' dir='ltr'>bole</span> <span class='ocrx_word' id='word_1_221' title='bbox 274 2003 390 2054; x_wconf 83' lang='lat' dir='ltr'>sola,</span> <span class='ocrx_word' id='word_1_222' title='bbox 427 2002 509 2045; x_wconf 86' lang='lat' dir='ltr'>sed</span> <span class='ocrx_word' id='word_1_223' title='bbox 544 2005 672 2047; x_wconf 84' lang='lat' dir='ltr'>etiam</span> <span class='ocrx_word' id='word_1_224' title='bbox 709 2004 764 2047; x_wconf 87' lang='lat' dir='ltr'>de</span> <span class='ocrx_word' id='word_1_225' title='bbox 795 2005 953 2047; x_wconf 84' lang='lat' dir='ltr'>ceteris</span> <span class='ocrx_word' id='word_1_226' title='bbox 983 2005 1127 2060; x_wconf 87' lang='lat' dir='ltr'>tropis</span> <span class='ocrx_word' id='word_1_227' title='bbox 1152 2004 1390 2062; x_wconf 74' lang='lat' dir='ltr'>fi&#39;yurisque</span> <span class='ocrx_word' id='word_1_228' title='bbox 1417 2006 1568 2061; x_wconf 67' lang='lat' dir='ltr'>egisse.</span> 
     </span>
     <span class='ocr_line' id='line_1_36' title="bbox 144 2071 1569 2129; baseline 0.001 -15"><span class='ocrx_word' id='word_1_229' title='bbox 144 2071 215 2114; x_wconf 85' lang='lat' dir='ltr'>lta</span> <span class='ocrx_word' id='word_1_230' title='bbox 250 2083 358 2113; x_wconf 85' lang='lat' dir='ltr'>vero</span> <span class='ocrx_word' id='word_1_231' title='bbox 395 2072 467 2112; x_wconf 82' lang='lat' dir='ltr'>vel</span> <span class='ocrx_word' id='word_1_232' title='bbox 501 2073 708 2114; x_wconf 88' lang='lat' dir='ltr'>maiorem</span> <span class='ocrx_word' id='word_1_233' title='bbox 741 2072 1051 2127; x_wconf 76' lang='lat' dir='ltr'>partem‘libri</span> <span class='ocrx_word' id='word_1_234' title='bbox 1088 2075 1266 2129; x_wconf 87' lang='lat' dir='ltr'>eiusque</span> <span class='ocrx_word' id='word_1_235' title='bbox 1302 2073 1445 2115; x_wconf 82' lang='lat' dir='ltr'>dotem</span> <span class='ocrx_word' id='word_1_236' title='bbox 1471 2072 1569 2128; x_wconf 81' lang='lat' dir='ltr'>fere</span> 
     </span>
    </p>
   </div>
   <div class='ocr_carea' id='block_1_7' title="bbox 145 2206 393 2213">
    <p class='ocr_par' dir='ltr' id='par_1_8' title="bbox 145 2206 393 2213">
     <span class='ocr_line' id='line_1_37' title="bbox 145 2206 393 2213; baseline 0 554"><span class='ocrx_word' id='word_1_237' title='bbox 145 2206 393 2213; x_wconf 95' lang='lat' dir='ltr'> </span> 
     </span>
    </p>
   </div>
   <div class='ocr_carea' id='block_1_8' title="bbox 153 2270 1568 2659">
    <p class='ocr_par' dir='ltr' id='par_1_9' title="bbox 153 2270 1568 2659">
     <span class='ocr_line' id='line_1_38' title="bbox 176 2270 1565 2320; baseline 0.004 -15"><span class='ocrx_word' id='word_1_238' title='bbox 176 2312 178 2314; x_wconf 35' lang='grc'>,</span> <span class='ocrx_word' id='word_1_239' title='bbox 259 2272 291 2317; x_wconf 83' lang='lat'>¹)</span> <span class='ocrx_word' id='word_1_240' title='bbox 315 2270 364 2311; x_wconf 80' lang='lat' dir='ltr'>cf.</span> <span class='ocrx_word' id='word_1_241' title='bbox 401 2271 560 2317; x_wconf 88' lang='lat' dir='ltr'>exempli</span> <span class='ocrx_word' id='word_1_242' title='bbox 599 2273 723 2318; x_wconf 81' lang='lat' dir='ltr'>gratia</span> <span class='ocrx_word' id='word_1_243' title='bbox 764 2274 856 2309; x_wconf 84' lang='lat' dir='ltr'>tales</span> <span class='ocrx_word' id='word_1_244' title='bbox 902 2274 1003 2310; x_wconf 85' lang='lat' dir='ltr'>locos</span> <span class='ocrx_word' id='word_1_245' title='bbox 1050 2273 1179 2319; x_wconf 80' lang='lat' dir='ltr'>quales</span> <span class='ocrx_word' id='word_1_246' title='bbox 1224 2274 1402 2320; x_wconf 85' lang='lat' dir='ltr'>leguntur</span> <span class='ocrx_word' id='word_1_247' title='bbox 1443 2287 1474 2312; x_wconf 89' lang='lat' dir='ltr'>c.</span> <span class='ocrx_word' id='word_1_248' title='bbox 1509 2276 1565 2312; x_wconf 89' lang='lat'>1.:</span> 
     </span>
     <span class='ocr_line' id='line_1_39' title="bbox 154 2320 1568 2378; baseline 0.001 -12"><span class='ocrx_word' id='word_1_249' title='bbox 154 2320 292 2375; x_wconf 46' lang='lat' dir='ltr'>„Saepe</span> <span class='ocrx_word' id='word_1_250' title='bbox 315 2340 366 2364; x_wconf 73' lang='lat' dir='ltr'>ea·</span> <span class='ocrx_word' id='word_1_251' title='bbox 389 2339 450 2363; x_wconf 84' lang='lat' dir='ltr'>me</span> <span class='ocrx_word' id='word_1_252' title='bbox 473 2330 657 2376; x_wconf 72' lang='lat' dir='ltr'>requiris,</span> <span class='ocrx_word' id='word_1_253' title='bbox 683 2343 767 2373; x_wconf 83' lang='lat' dir='ltr'>cur,</span> <span class='ocrx_word' id='word_1_254' title='bbox 793 2343 879 2366; x_wconf 86' lang='lat' dir='ltr'>cum</span> <span class='ocrx_word' id='word_1_255' title='bbox 902 2333 1041 2378; x_wconf 80' lang='lat' dir='ltr'>priora</span> <span class='ocrx_word' id='word_1_256' title='bbox 1066 2330 1232 2366; x_wconf 83' lang='lat' dir='ltr'>saecula</span> <span class='ocrx_word' id='word_1_257' title='bbox 1251 2336 1308 2367; x_wconf 82' lang='lat' dir='ltr'>tot</span> <span class='ocrx_word' id='word_1_258' title='bbox 1323 2333 1568 2368; x_wconf 75' lang='lat' dir='ltr'>eminentium</span> 
     </span>
     <span class='ocr_line' id='line_1_40' title="bbox 155 2378 1568 2436; baseline 0.004 -16"><span class='ocrx_word' id='word_1_259' title='bbox 155 2378 344 2421; x_wconf 65' lang='lat' dir='ltr'>ordlorum</span> <span class='ocrx_word' id='word_1_260' title='bbox 368 2386 538 2436; x_wconf 75' lang='lat' dir='ltr'>inqeniis</span> <span class='ocrx_word' id='word_1_261' title='bbox 561 2385 767 2435; x_wconf 77' lang='lat' dir='ltr'>qlorlaque</span> <span class='ocrx_word' id='word_1_262' title='bbox 788 2388 1007 2435; x_wconf 79' lang='lat' dir='ltr'>floruerint,</span> <span class='ocrx_word' id='word_1_263' title='bbox 1032 2392 1168 2424; x_wconf 85' lang='lat' dir='ltr'>nostra</span> <span class='ocrx_word' id='word_1_264' title='bbox 1190 2388 1439 2435; x_wconf 79' lang='lat' dir='ltr'>potissimum</span> <span class='ocrx_word' id='word_1_265' title='bbox 1455 2394 1568 2427; x_wconf 76' lang='lat' dir='ltr'>aetas</span> 
     </span>
     <span class='ocr_line' id='line_1_41' title="bbox 155 2424 1567 2492; baseline 0.003 -15"><span class='ocrx_word' id='word_1_266' title='bbox 155 2424 303 2486; x_wconf 38' lang='lat' dir='ltr'>dedita</span> <span class='ocrx_word' id='word_1_267' title='bbox 335 2446 373 2477; x_wconf 82' lang='lat' dir='ltr'>et</span> <span class='ocrx_word' id='word_1_268' title='bbox 400 2442 521 2478; x_wconf 84' lang='lat' dir='ltr'>laude</span> <span class='ocrx_word' id='word_1_269' title='bbox 553 2443 797 2489; x_wconf 80' lang='lat' dir='ltr'>eloquentiae</span> <span class='ocrx_word' id='word_1_270' title='bbox 829 2446 968 2481; x_wconf 87' lang='lat' dir='ltr'>orbata</span> <span class='ocrx_word' id='word_1_271' title='bbox 992 2445 1059 2480; x_wconf 74' lang='lat' dir='ltr'>via:</span> <span class='ocrx_word' id='word_1_272' title='bbox 1082 2455 1220 2480; x_wconf 79' lang='lat' dir='ltr'>nomen</span> <span class='ocrx_word' id='word_1_273' title='bbox 1244 2446 1373 2492; x_wconf 81' lang='lat' dir='ltr'>ipsum</span> <span class='ocrx_word' id='word_1_274' title='bbox 1396 2447 1567 2482; x_wconf 78' lang='lat' dir='ltr'>oratoris</span> 
     </span>
     <span class='ocr_line' id='line_1_42' title="bbox 153 2487 1567 2548; baseline 0.005 -16"><span class='ocrx_word' id='word_1_275' title='bbox 153 2487 357 2545; x_wconf 46' lang='grc' dir='ltr'>νείἰπέῑὲὓ·</span> <span class='ocrx_word' id='word_1_276' title='bbox 382 2508 413 2534; x_wconf 91' lang='lat' dir='ltr'>c.</span> <span class='ocrx_word' id='word_1_277' title='bbox 438 2499 518 2533; x_wconf 80' lang='lat'>24.:</span> <span class='ocrx_word' id='word_1_278' title='bbox 559 2500 706 2546; x_wconf 77' lang='lat' dir='ltr'>„iqt‘tur</span> <span class='ocrx_word' id='word_1_279' title='bbox 731 2512 915 2548; x_wconf 71' lang='lat' dir='ltr'>eoeprome</span> <span class='ocrx_word' id='word_1_280' title='bbox 937 2501 1050 2537; x_wconf 77' lang='lat' dir='ltr'>nobis</span> <span class='ocrx_word' id='word_1_281' title='bbox 1074 2514 1223 2539; x_wconf 77' lang='lat' dir='ltr'>causas</span> <span class='ocrx_word' id='word_1_282' title='bbox 1247 2514 1319 2538; x_wconf 84' lang='lat' dir='ltr'>cur</span> <span class='ocrx_word' id='word_1_283' title='bbox 1341 2507 1492 2539; x_wconf 76' lang='lat' dir='ltr'>tantum</span> <span class='ocrx_word' id='word_1_284' title='bbox 1517 2504 1567 2539; x_wconf 84' lang='lat' dir='ltr'>ab</span> 
     </span>
     <span class='ocr_line' id='line_1_43' title="bbox 155 2549 1567 2605; baseline 0.005 -16"><span class='ocrx_word' id='word_1_285' title='bbox 155 2549 367 2596; x_wconf 56' lang='lat' dir='ltr'>eloquemia</span> <span class='ocrx_word' id='word_1_286' title='bbox 391 2566 523 2591; x_wconf 83' lang='lat' dir='ltr'>eorum</span> <span class='ocrx_word' id='word_1_287' title='bbox 550 2557 833 2602; x_wconf 78' lang='lat' dir='ltr'>(antiquorum)</span> <span class='ocrx_word' id='word_1_288' title='bbox 848 2559 1177 2601; x_wconf 67' lang='lat' dir='ltr'>recesserimus-“3</span> <span class='ocrx_word' id='word_1_289' title='bbox 1202 2562 1241 2594; x_wconf 84' lang='lat' dir='ltr'>et</span> <span class='ocrx_word' id='word_1_290' title='bbox 1257 2559 1456 2605; x_wconf 80' lang='lat' dir='ltr'>praecipue</span> <span class='ocrx_word' id='word_1_291' title='bbox 1473 2569 1567 2604; x_wconf 74' lang='lat' dir='ltr'>quae</span> 
     </span>
     <span class='ocr_line' id='line_1_44' title="bbox 153 2598 706 2659; baseline 0.002 -12"><span class='ocrx_word' id='word_1_292' title='bbox 153 2606 240 2643; x_wconf 72' lang='lat' dir='ltr'>inde</span> <span class='ocrx_word' id='word_1_293' title='bbox 264 2616 300 2643; x_wconf 70' lang='lat' dir='ltr'>a·</span> <span class='ocrx_word' id='word_1_294' title='bbox 319 2598 350 2649; x_wconf 40' lang='grc' dir='ltr'>Χ</span> <span class='ocrx_word' id='word_1_295' title='bbox 375 2612 434 2649; x_wconf 83' lang='grc'>28.</span> <span class='ocrx_word' id='word_1_296' title='bbox 459 2612 706 2659; x_wconf 82' lang='lat' dir='ltr'>explicantur.</span> 
     </span>
    </p>
   </div>
   <div class='ocr_carea' id='block_1_9' title="bbox 1584 0 1751 234">
    <p class='ocr_par' dir='ltr' id='par_1_10' title="bbox 1584 0 1751 234">
     <span class='ocr_line' id='line_1_45' title="bbox 1584 0 1751 234; baseline 0 2533"><span class='ocrx_word' id='word_1_297' title='bbox 1584 0 1751 234; x_wconf 95' lang='lat' dir='ltr'> </span> 
     </span>
    </p>
   </div>
  </div>
 </body>
</html>
