1751 2767
0 176 25 197 ⁵
66 156 89 251 ζ’·
156 183 548 245 manuscnptorum
574 148 848 243 auctoritate,
877 188 1001 230 utne
1021 182 1122 230 tum
1151 184 1338 242 quidem,
1379 191 1479 251 cum
1484 139 1589 230 sub
1600 150 1751 254 ‘a

0 293 14 308 ἢ
111 315 115 318 χ
158 254 323 302 iadimo
343 253 482 298 aliud
489 253 709 322 quidpiam
739 251 970 315 genuinum
998 265 1094 298 esse
1130 248 1371 315 sensisset,
1388 265 1416 297 a
1434 239 1587 316 tradi·
1618 264 1628 285 -'

158 321 276 375 tione
303 318 484 376 digredi
500 320 631 365 ausus
666 319 737 372 sit,
766 320 850 364 nisi
876 321 1032 364 natura
1059 320 1154 376 ipsa
1182 312 1430 377 certissimis
1453 309 1587 378 arguL

136 377 317 434 ,m'entis'
342 389 390 433 -id
414 388 662 444 postulabat
690 392 735 432 et
763 386 910 432 verum
939 388 1066 456 plane
1095 388 1324 432 indicabat.
1330 390 1364 444 ¹)
1411 389 1470 432 Et
1506 383 1587 432 bac
1733 429 1751 443 ν

74 494 82 501 ,
159 454 255 516 ipsa
275 457 454 500 critices
471 456 554 508 via,
585 468 713 511 quam
732 455 951 498 Bentleius
969 453 1134 508 primus
1152 455 1262 508 ιιιιιι,
1290 450 1588 508 Lachmannus
1614 470 1620 473 ·
1640 451 1662 485 ἕ

159 523 325 578 Primus
354 523 484 567 certis
511 522 667 566 finibus
696 512 1030 576 circumscripsit
1067 522 1315 578 legibusque
1338 520 1586 574 constituit,
1630 555 1635 558 .

158 590 228 634 hic
276 603 303 634 a
336 590 539 634 methodo
576 589 627 634 G.
667 589 903 634 Hermanni
932 588 1095 642 differt3
1144 589 1271 634 huius
1320 590 1433 634 enim
1477 583 1588 634 ratio
1635 593 1650 645 '„

160 660 311 703 critica
337 659 516 703 artificis
544 663 611 703 est
650 663 696 702 et
724 654 988 701 divinatione
1028 652 1226 711 quadam*
1250 662 1300 700 ut
1341 657 1403 701 ita
1447 657 1587 701 dicam

160 726 354 779 definita,
399 725 495 770 cum
525 726 746 781 scriptoris
775 737 970 770 sermone
999 728 1043 768 et
1072 737 1153 768 usu
1183 728 1309 770 antea
1336 725 1462 779 plane
1488 723 1587 780 perss

161 798 310 848 specto
339 794 567 848 pristinam
597 797 647 836 et·
661 793 888 847 genuinam
916 790 1102 835 formam⁴
1126 791 1328 836 restituat
1357 785 1589 849 secundum

161 873 286 905 suum
315 860 533 904 iudicium.
592 861 745 915 Itaque
773 856 1009 903 Hermanni
1037 851 1307 903 coniecturae
1336 872 1588 915 quamquam

161 940 329 983 semper
360 920 538 971 subtiles
567 931 611 970 et
640 927 886 981 ingeniosae
914 939 1050 982 neque
1078 940 1263 982 unquam
1294 929 1432 984 „ips-a
1447 929 1591 984 qla‘cae'e

157 995 456 1052 fiiyidiores“
487 995 555 1049 (ut
584 994 808 1038 Ellendtus
836 995 879 1037 in
908 995 987 1036 lex.
1011 994 1138 1047 Soph.
1160 1008 1201 1047 p.
1227 1000 1320 1038 105.
1351 994 1588 1048 contendit)

161 1065 307 1105 tamen
345 1073 474 1116 saepe
514 1064 615 1105 sunt
649 1060 791 1117 aliquo
826 1061 954 1104 modo
990 1061 1188 1114 audaces,
1233 1075 1285 1106 ne
1321 1062 1460 1107 dicam
1499 1062 1590 1106 vio-

160 1132 317 1175 lentae.
375 1130 640 1174 Lachmanni
681 1134 832 1174 contra
868 1131 979 1173 ratio
1017 1134 1084 1173 est
1121 1130 1337 1181 historica,
1386 1131 1429 1173 in
1468 1130 1590 1172 firmo

162 1197 442 1241 fundamento
470 1197 625 1251 posita,
675 1208 784 1252 quae
812 1196 949 1251 primo
977 1196 1070 1240 loco
1108 1195 1241 1240 libros
1278 1197 1591 1259 manuscriptos
1664 1214 1667 1217 ·
1719 1184 1723 1185 ⁷

162 1265 255 1308 adit
311 1268 356 1308 et
404 1265 556 1307 horum
605 1265 903 1317 gravissimum
948 1277 1157 1318 quemque
1206 1269 1250 1307 et
1308 1265 1589 1307 certissimum
1650 1270 1662 1326 'v

161 1332 356 1387 sequitur
384 1331 489 1374 nihil
517 1342 596 1386 pro
625 1342 703 1374 sua
730 1331 953 1374 voluntate
986 1330 1204 1386 corrigens
1233 1331 1300 1376 vel
1315 1332 1589 1387 'adiicienS.²)

163 1400 297 1442 Recte
323 1399 624 1442 Lachmannus
653 1399 863 1445 intellexit
892 1412 1108 1453 nunquam
1143 1399 1265 1443 nobis
1294 1400 1347 1443 ab
1373 1391 1501 1445 initio
1524 1400 1590 1443 ius

165 1480 259 1512 esse
297 1480 324 1512 a
370 1466 575 1511 librorum
624 1467 856 1511 traditione
905 1467 1164 1519 discedendi,
1216 1469 1252 1511 si
1299 1468 1428 1511 libros
1475 1469 1591 1523 ipsos

165 1540 306 1580 certos
334 1539 378 1579 et
407 1535 517 1580 fidos
543 1530 700 1578 habere
729 1535 947 1578 debemus.

279 1603 432 1658 Itaque
475 1614 571 1645 cum
615 1602 669 1645 de
712 1602 957 1646 traditionis
999 1603 1181 1645 veritate
1211 1602 1352 1657 aliqua
1381 1603 1435 1645 de
1465 1608 1600 1646 causa

165 1670 357 1725 scrupuli
392 1669 648 1721 exstiterint,
686 1669 841 1724 ubique
880 1671 1019 1724 prima
1057 1674 1123 1714 est
1158 1670 1352 1725 quaestio
1381 1662 1592 1724 generalis

126 1750 129 1751 ⁷
166 1739 221 1780 de
250 1738 335 1780 fide
364 1740 409 1779 et
438 1737 695 1779 auctoritate
723 1737 927 1781 librorum
957 1738 1357 1792 manuscriptorum,
1392 1750 1518 1792 quam
1548 1741 1598 1780 et

165 1804 234 1848 hic
263 1815 494 1858 urgeamus
514 1806 697 1858 oportet.
755 1804 902 1859 Neque
922 1805 1035 1848 enim
1055 1804 1249 1860 profecto
1267 1809 1411 1859 potest
1431 1805 1590 1859 negari,

165 1877 216 1916 ut
245 1871 445 1923 diximus,
476 1871 660 1926 aliquam
689 1871 986 1916 difficultatem
1015 1873 1154 1916 inesse
1183 1873 1226 1916 in
1248 1873 1407 1927 dialogi
1426 1873 1592 1916 ratione

165 1939 352 1993 dicendi,
382 1951 491 1994 quae
526 1939 664 1993 primo
699 1941 906 1995 adspectu
934 1945 1024 1984 tam
1062 1941 1202 1984 aliena
1239 1954 1332 1984 esse
1360 1941 1530 1984 videtur
1566 1954 1593 1984 a

166 2007 305 2051 Taciti
335 2007 434 2050 stilo
463 2007 506 2050 in
535 2007 655 2050 libris
685 2008 897 2052 historicis
926 2009 1130 2061 adhibito,
1166 2012 1216 2051 ut
1253 2009 1345 2051 iure
1382 2004 1593 2052 dubitatio

166 2075 305 2129 possit
333 2075 506 2125 moveri,
537 2087 592 2117 an
623 2087 768 2117 verum
798 2076 868 2127 sit,
898 2077 1011 2139 quod
1042 2076 1161 2119 libris
1181 2076 1483 2129 manuscriptis
1503 2070 1593 2118 tra-

166 2142 297 2194 ditur,
328 2141 524 2186 Tacitum
554 2142 646 2186 eius
675 2154 767 2187 esse
805 2136 1035 2188 auctorem.
1101 2143 1193 2187 Iam
1233 2143 1404 2198 quinam
1443 2134 1599 2188 horum*

165 2210 372 2253 librorum
402 2211 460 2253 sit
488 2209 583 2252 fons
602 2222 793 2266 quaeque
821 2211 953 2266 origo,
974 2210 1196 2255 videamus
1215 2211 1326 2262 ide0‚
1339 2214 1396 2254 ιιι
1414 2222 1593 2265 cognos-

165 2289 324 2331 camus,
353 2277 517 2321 fidesne
545 2277 598 2321 iis
627 2277 683 2321 sit
711 2277 764 2322 ab
793 2279 913 2323 initio
941 2278 1137 2323 habenda
1164 2283 1307 2323 necne.

283 2448 316 2491 ι)
340 2445 403 2483 Sic
427 2446 627 2492 praecipue
653 2446 691 2482 ιιι
715 2447 906 2492 praeclara
929 2447 1015 2483 novi
1040 2446 1257 2483 testamenti
1282 2446 1509 2484 recensione

282 2504 317 2547 ²)
340 2502 496 2549 Insigne
536 2506 595 2540 est
633 2503 744 2539 huius
780 2503 937 2540 rationis
978 2504 1184 2549 exemplum
1221 2503 1257 2539 in
1293 2502 1518 2539 Lachmanni
1554 2506 1595 2539 et

167 2557 367 2604 Hauptii,
370 2560 639 2608 ‚mmnesanqs
660 2559 864 2609 frilhlin9“
899 2572 935 2606 p.
961 2562 1041 2597 281.
1068 2565 1180 2606 extr,
1210 2560 1275 2597 ubi
1312 2565 1372 2597 est
1402 2559 1592 2626 adnotatio
1650 2578 1654 2582 ·
1717 2534 1720 2536 Ι

136 2614 620 2665 7mxvm.p.13·2..2
