1751 2767
895 552 1022 586 Πάντα
1046 553 1111 598 γὰρ
1136 553 1252 595 σχεδὸν
1277 550 1419 598 εὕρηται
1442 554 1513 592 μὲν,

895 607 987 641 ἀλλὰ
1011 608 1056 641 τὰ
1079 610 1140 646 μὲν
1164 606 1204 641 οὗ
1229 609 1404 652 συνῆκται,
1428 611 1499 645 τοῖς
1523 605 1555 640 δ’

895 664 936 699 οὗ
957 668 1108 711 χρῶνται
1131 665 1357 708 γινώσκοντες.

1329 729 1573 766 Aristoteles.

267 854 473 928 Omnium
512 880 670 935 ingenii
711 884 1093 933 monumentorum,
1132 894 1239 935 quae
1279 893 1329 923 ex
1366 882 1573 933 argentea

123 986 126 987 γ
154 960 279 1002 quam
319 948 466 990 dicunt
505 948 746 990 litterarum
783 959 1056 991 romanarum
1095 951 1236 991 aetate
1266 947 1424 991 nostris
1463 950 1573 989 tem-

154 1015 328 1068 poribus
353 1016 515 1058 tradita
544 1020 656 1066 sunt,
687 1016 786 1058 inde
815 1016 869 1058 ab
898 1017 1168 1070 antiquitatis
1189 1016 1342 1058 studiis
1370 1027 1575 1068 experge-

155 1081 280 1126 factis
327 1086 371 1143 et
414 1083 637 1126 restitutis*
675 1082 836 1126 nullum
880 1082 969 1126 fere
1013 1083 1184 1137 saepius
1228 1095 1254 1124 a
1290 1082 1393 1125 viris
1436 1081 1574 1124 doctis

154 1153 406 1205 tractatum,
429 1150 590 1192 nullum
620 1151 862 1193 accuratius
892 1151 1182 1194 diversissima
1210 1150 1375 1192 ratione
1404 1150 1575 1202 discep-

154 1220 291 1259 tatum
321 1221 365 1277 et
393 1218 647 1271 explicatum
674 1222 740 1261 est
760 1231 886 1272 quam
918 1218 1124 1272 dialogus,
1156 1218 1228 1272 qui
1258 1218 1311 1259 de
1334 1215 1574 1259 oratoribus

155 1283 410 1334 inscribitur,
452 1284 589 1326 Taciti
625 1285 786 1327 nomini
821 1286 948 1339 vulgo
983 1286 1237 1338 adscriptus.
1297 1285 1358 1326 Ac
1392 1285 1445 1326 de
1475 1295 1573 1337 gra-

155 1351 288 1395 vitate
331 1351 473 1404 libelli,
519 1353 667 1408 quanti
706 1354 911 1398 momenti
950 1353 1007 1398 sit
1044 1355 1356 1407 argumentum,
1398 1351 1452 1394 de
1491 1362 1574 1405 quo

156 1419 413 1472 disputatur,
444 1423 547 1473 quot
576 1425 842 1475 quantaeque
855 1423 958 1480 ‘sint
987 1420 1193 1463 sermonis
1222 1420 1416 1469 virtutes,
1447 1429 1574 1472 quam

154 1481 388 1539 praeclara
418 1486 506 1530 stili
544 1487 756 1541 elegantia
793 1489 876 1531 iam
923 1488 1027 1531 nihil
1071 1492 1150 1539 est,
1201 1487 1314 1540 quod
1351 1486 1393 1528 in
1445 1484 1602 1527 dubio

155 1557 349 1605 ponatur.
408 1553 517 1596 Nam
553 1555 721 1597 etiamsi
749 1556 940 1598 nonnulli
965 1555 1047 1598 viri
1074 1555 1204 1605 docti,
1234 1555 1278 1596 in
1308 1553 1461 1608 quibus
1489 1564 1573 1594 non

156 1619 363 1673 ignobiles
401 1620 627 1664 Ernestius
666 1626 710 1664 et
744 1623 1052 1666 Klossmannus
1089 1623 1151 1676 (in
1181 1622 1406 1675 „Ruperti
1435 1632 1573 1674 opera

135 1686 371 1741 VTacitW),
416 1687 741 1742 arbitrabantur.
779 1689 993 1743 dialogum
1044 1690 1097 1731 de
1142 1686 1380 1730 oratoribus
1428 1685 1574 1728 multis

155 1753 270 1798 vitiis
299 1758 344 1797 et
372 1754 416 1797 in
445 1755 584 1798 verbis
614 1761 659 1798 et
688 1757 732 1798 in
761 1757 983 1799 sententiis
1003 1756 1266 1798 laborantem
1295 1753 1460 1796 minimi
1479 1764 1573 1795 esse

155 1821 294 1876 pretii,
349 1821 575 1865 latinitatis
629 1822 802 1866 iamiam
855 1823 1037 1867 labentis
1093 1824 1395 1866 documentum
1444 1824 1573 1875 atque

156 1889 313 1932 idcirco
345 1902 480 1943 neque
508 1901 654 1931 verum
683 1891 811 1943 primi
840 1892 1147 1944 imperatorum
1176 1901 1447 1931 romanorum
1478 1900 1572 1929 sae-

7 1970 12 1973 ·
40 1978 43 1980 >
76 1984 87 1989 κ
157 1955 240 1998 culi
269 1956 484 2011 speculum
513 1955 754 2000 habendum
777 1964 919 2013 *neque
947 1957 1022 2000 ulli
1051 1957 1269 2011 praeclaro
1299 1956 1390 1999 eius
1418 1954 1574 1998 aetatis

156 2024 355 2077 scriptori
383 2037 476 2066 esse
504 2024 858 2067 adiudicandum:
899 2030 1041 2067 tamen
1069 2025 1150 2067 hae
1181 2024 1398 2077 opiniones
1427 2021 1581 2064 eorum'

158 2094 269 2144 sunt,
299 2090 372 2146 qui
401 2090 591 2146 singulas
619 2091 752 2136 libelli
780 2096 927 2148 partes
962 2093 1122 2148 optime
1151 2104 1359 2137 connexas
1387 2090 1497 2134 inter
1526 2101 1572 2132 se

157 2163 201 2202 et
243 2163 368 2212 aptas
416 2164 491 2201 aut
533 2173 616 2202 non
660 2161 821 2204 rectius
863 2165 1170 2214 perspexerunt
1213 2164 1288 2201 aut
1331 2158 1572 2211 perspicere

157 2221 382 2270 noluenmt
411 2238 546 2281 neque
575 2230 714 2270 totum
734 2230 1032 2282 argumentum
1057 2227 1231 2281 eiusque
1261 2225 1572 2269 enarrationem

157 2286 366 2349 perpensa
406 2294 659 2338 habuerunt.
718 2295 783 2338 De
826 2295 973 2349 quovis
1016 2297 1157 2337 autem
1202 2291 1359 2345 ingenii
1400 2289 1573 2332 humani

158 2373 286 2416 opere
324 2374 350 2404 a
385 2361 595 2417 nonnullis
636 2375 813 2415 pravam
848 2363 1033 2417 aliquam
1073 2365 1117 2404 et
1152 2373 1304 2403 vanam
1333 2358 1571 2412 opinionem

37 2451 51 2490 :12
110 2478 115 2483 ,-
157 2428 431 2484 sequentibus
460 2429 655 2471 similiter
674 2429 783 2472 falso
803 2430 930 2472 modo
950 2429 1230 2478 diiudicatur;
1271 2427 1344 2476 sic,
1373 2429 1424 2467 ut
1442 2436 1572 2466 unum

108 2534 111 2537 ,
147 2495 332 2544 ⁴afferam
374 2495 624 2549 exemplum,
668 2496 884 2548 Ludenus,
929 2495 994 2538 vir
1036 2494 1221 2549 alioquin
1254 2492 1365 2535 acris
1401 2490 1572 2545 ingenii,

107 2608 110 2609 ⁷
156 2563 298 2608 Taciti
338 2562 608 2607 Germaniam
651 2563 852 2617 opinatur
899 2562 1246 2606 commentarium
1295 2572 1387 2602 esse
1429 2570 1572 2600 rerum
