1751 2767
152 227 169 255 3-
194 210 242 249 54-
256 169 509 248 Ῑῧιιιιθοίηι
514 199 638 253 sunt
660 176 856 239 omnino
881 194 972 239 noti
1013 196 1207 239 codices‘
1221 167 1522 252 manuscripti,
1541 199 1591 240 ut

32 295 36 303 ·
148 254 309 324 ‘supra
319 259 662 324 monstravimus,
693 263 767 320 qui
795 262 1012 319 dialogum
1042 265 1097 307 de
1126 263 1369 309 oratoribus
1389 264 1590 309 exhibent
1650 277 1657 284 ⁴

35 350 47 364 ι
61 340 77 371 ἐ
148 328 317 402 *quique
345 344 493 376 omnes
520 334 698 385 excepto
725 342 811 374 uno
839 343 922 375 non
953 326 1082 387 digno
1113 332 1182 377 cui
1222 324 1423 376 credatur
1452 331 1591 375 Taciti

74 447 77 448 ι
148 405 334 466 ν,ιιοιίὀιιιιί
334 396 610 461 inscriptioni
648 399 843 442 additum
879 400 1049 443 habent.
1120 402 1277 444 Omnes
1329 404 1473 443 autem
1509 400 1590 443 hos

80 467 98 492 ³
119 472 126 521 f
148 458 327 530 ΥὟ(30ᾶὶ’(>(3ε
356 480 408 511 ex
442 478 527 510 uno
565 466 778 509 communi
813 465 931 509 fonte
971 467 1209 510 manavisse
1247 466 1354 510 satis
1396 470 1586 520 constat3

77 568 93 586 „s
159 546 260 579 nam
295 534 471 577 eadem
481 533 524 576 in
553 532 747 576 omnibus
775 535 930 577 menda
959 535 1172 587 nonnulla,
1203 535 1377 578 eaedem
1407 535 1584 578 lacunae

63 651 86 660 ..
152 598 496 656 idmonstranm
526 600 802 656 archetypum
824 604 891 645 est
910 601 1015 645 illud
1036 602 1277 657 exemplum
1306 601 1360 645 ab
1381 601 1586 646 Henocho

0 666 4 671 ’
102 696 105 698 -
160 670 373 719 Asculano
401 668 520 711 iussu
548 668 713 719 Nicolai
737 668 788 711 V.
819 669 1031 722 pontificis
1057 671 1228 713 maximi
1258 682 1310 712 ex
1327 671 1585 712 monasterio

158 730 452 783 Hersfeldensi
479 735 546 779 vel
575 735 808 780 Corbeia'no
837 736 950 780 circa
973 750 1131 781 annum
1149 740 1248 791 post
1267 736 1484 781 Christum
1506 749 1583 780 na-

158 805 252 861 tum
276 809 401 848 1457.
450 796 628 846 Romam
657 802 944 857 deportatum,
974 816 1086 847 nunc
1106 805 1277 858 quidem
1297 804 1582 858 deperditum,

37 888 69 916 ,ἡ
153 873 274 930 Jquod
295 885 355 915 -ex
375 871 467 914 ΝῙΧ.
504 871 572 914 vel
604 871 655 913 X.
691 870 860 914 saeculo
898 871 1104 924 originem
1142 872 1282 923 ducit;
1334 884 1432 914 nam
1479 871 1584 915 vitia

159 938 372 984 scribendi
387 939 606 994 quaedam
637 951 720 981 non
749 951 801 981 ex
829 937 1096 981 librariorum
1126 939 1386 993 negligentia
1416 943 1459 981 et
1490 931 1582 982 tar-
1634 981 1640 987 ,

158 1008 308 1057 ditate,
347 1008 424 1049 sed
458 1019 510 1048 ex
547 1006 758 1059 scriptura
793 1010 837 1063 et
871 1006 984 1048 notis
1013 1006 1215 1060 siglisque
1252 1006 1360 1048 falso
1399 1007 1582 1060 cognitis

159 1073 320 1126 effecta,
351 1072 504 1129 quibus
539 1085 562 1116 r
590 1076 634 1116 et
662 1085 689 1116 v
718 1071 900 1125 litterae,
938 1086 960 1116 r
991 1077 1034 1118 et
1062 1086 1103 1127 n,
1139 1074 1153 1117 i
1183 1077 1226 1118 et
1255 1087 1289 1126 r,
1325 1086 1351 1117 a
1380 1077 1424 1118 et
1453 1075 1536 1129 u,¹)
1567 1075 1582 1117 i

158 1146 204 1185 et
231 1143 300 1195 1,⁹)
332 1146 351 1184 t
379 1146 429 1205 et,
452 1143 479 1192 l,
511 1155 532 1184 s
560 1145 604 1184 et
632 1141 661 1192 f,
692 1154 715 1183 e
744 1145 788 1183 et
817 1154 852 1191 c,
888 1155 939 1183 nr
967 1146 1011 1184 et
1039 1142 1110 1192 mi,
1148 1142 1231 1184 alia
1266 1142 1582 1184 confunduntur

161 1209 225 1265 (id
253 1209 368 1265 quod
396 1209 478 1252 nisi
516 1208 560 1252 in
596 1207 716 1251 libris
753 1207 911 1251 litteris
950 1207 1126 1251 minutis
1162 1207 1346 1252 exaratis
1374 1207 1467 1251 fieri
1495 1220 1579 1252 non

157 1278 319 1330 potest)
350 1288 540 1330 quaeque
568 1280 612 1318 et
641 1276 685 1317 in
714 1275 874 1328 dialogi
902 1280 946 1318 et
975 1276 1019 1317 in
1049 1275 1186 1317 Taciti
1224 1276 1477 1318 Germaniae
1508 1288 1579 1317 co-

157 1343 323 1388 dicibus
352 1356 404 1387 ex
433 1343 583 1387 eodem
611 1341 802 1386 Henochi
830 1341 1034 1386 Asculani
1062 1341 1254 1396 exemplo
1280 1341 1485 1397 profectis
1513 1343 1577 1387 in-

152 1412 437 1465 .veniuntur,³)
459 1411 504 1453 id
523 1411 759 1464 scripturae
787 1422 921 1463 genus
950 1413 1202 1461 monstrant,
1233 1411 1347 1464 quod
1374 1411 1417 1452 in
1437 1411 1575 1453 locum

155 1479 312 1524 veteris
341 1479 577 1533 scripturae
612 1479 810 1523 efferatae
849 1480 976 1533 atque
1016 1478 1200 1521 incultae
1232 1491 1258 1521 a
1288 1479 1579 1532 grammaticis

125 1572 127 1574 ·
156 1547 377 1591 suffectum
406 1550 473 1589 est
501 1559 666 1601 quoque
694 1546 920 1600 perscripti
948 1547 1088 1589 adhuc
1118 1546 1241 1588 multi
1270 1546 1366 1589 libri
1385 1552 1575 1590 exstant:

23 1670 27 1672 Ἴ
90 1627 96 1629 >
156 1614 402 1658 charactera
428 1613 756 1668 Langobardum
786 1626 911 1669 quem
940 1614 1129 1668 dicunt4)
1161 1614 1250 1656 sive
1278 1614 1466 1657 litteram
1490 1614 1574 1657 Be-

82 1719 85 1724 ,
154 1686 449 1734 neventanam,
480 1685 608 1736 atque
636 1694 731 1724 eam
759 1681 885 1724 huius
914 1681 1081 1734 generis
1106 1681 1285 1724 formam
1315 1685 1574 1733 accuratam,

154 1761 262 1803 quae
295 1750 444 1803 primis
484 1752 582 1802 post
626 1752 767 1791 ortum
806 1749 998 1800 saeculis,
1037 1761 1160 1791 aerae
1190 1752 1364 1791 nostrae
1393 1761 1505 1791 nono
1533 1754 1577 1792 et

153 1817 329 1869 decimo,
373 1830 400 1860 a
439 1816 623 1859 librariis
667 1820 836 1859 servata
884 1820 963 1859 est.
1046 1817 1102 1859 Et
1152 1816 1345 1871 quamvis
1394 1815 1574 1867 codices,

153 1888 361 1940 quotquot
389 1886 500 1927 nunc
529 1888 770 1938 supersunt,
808 1884 880 1939 qui
909 1884 1021 1927 XIV.
1052 1884 1119 1927 vel
1148 1884 1238 1927 XV.
1277 1884 1445 1927 saeculo
1475 1897 1574 1938 pro-

78 1972 83 1975 ·
131 1953 283 1996 -diisse
310 1953 523 2004 videntur,
553 1952 735 1996 fortasse
755 1954 985 1996 secundum
1005 1952 1135 1995 libros
1155 1951 1401 1994 maiusculis
1418 1951 1575 1993 litteris

151 2024 348 2063 exaratos
376 2012 648 2075 transscripti
676 2021 774 2072 sint,
813 2027 956 2063 tamen
985 2020 1219 2074 principem
1261 2020 1468 2077 originem
1498 2031 1571 2061 eos

110 2129 112 2131 ,
150 2081 348 2131 habuisse
377 2091 557 2141 apparet
576 2100 627 2130 ex
646 2087 719 2130 illa
738 2088 950 2131 scribendi
979 2083 1155 2138 ratione,
1187 2099 1294 2140 quae
1313 2091 1412 2139 post
1432 2086 1574 2129 Caroli

217 2335 219 2337 Ι
265 2289 297 2332 ¹)
320 2287 365 2325 In
388 2288 495 2325 libris
518 2290 606 2326 noni
631 2294 671 2326 et
693 2290 827 2326 decimi
851 2290 1081 2326 saeculorum
1098 2289 1227 2325 littera
1251 2300 1273 2325 a
1297 2299 1442 2326 sursum
1459 2298 1568 2333 saepe

80 2341 93 2394 J
151 2343 205 2379 ita
227 2344 335 2383 hians
358 2346 548 2391 scribitur,
573 2350 617 2382 ut
639 2357 664 2382 ιι
688 2347 839 2383 litterae
863 2347 929 2382 fiat
952 2345 1151 2382 simillima.

71 2421 73 2423 ·
262 2403 296 2443 ²)
322 2401 427 2447 Quod
454 2402 680 2448 singularem
705 2402 718 2438 i
742 2402 890 2439 litterae
917 2403 1069 2438 formam
1094 2401 1234 2438 indicat
1258 2401 1385 2436 eodem
1401 2403 1566 2444 tempore

58 2506 62 2508 ῃ
108 2463 116 2481 ν’
149 2457 339 2495 usitatam.

67 2547 69 2549 ,
104 2525 109 2528 ·
182 2506 185 2509 ⁴
261 2515 295 2558 ³)
317 2512 497 2559 Exempla
519 2516 636 2551 multa
664 2516 819 2551 collecta
849 2519 936 2551 sunt
966 2526 989 2550 a
1019 2514 1250 2549 Massmanno
1276 2512 1315 2547 in
1347 2511 1471 2547 Germ.
1504 2511 1564 2546 ed.

69 2577 73 2579 “
106 2602 108 2604 ,
148 2570 186 2618 p'.
209 2571 291 2608 204.
316 2574 412 2607 extr.
437 2582 518 2615 sqq.

80 2625 86 2629 '
147 2619 154 2623 “
259 2628 295 2672 ⁴)
318 2627 365 2662 cf.
391 2627 617 2664 Massmanni
642 2627 925 2672 explicationem
949 2627 974 2662 l.
1000 2628 1025 2662 l.
1050 2637 1072 2661 a
1097 2637 1133 2670 p.
1161 2627 1238 2660 182.
1262 2633 1394 2667 usque.

1268 0 1293 20 ³⁴.
1308 0 1390 21 *J'JY‘
1428 19 1432 24 ·
1618 0 1635 17 ‚¹-
1652 0 1751 22 εἰμι’-9,·

1448 22 1456 27 “
1562 20 1628 49 >23-
1656 21 1672 35 '³
1687 20 1747 50 ’“’,.*

1298 61 1310 69 ’
1440 50 1443 52 ,
1525 53 1598 111 15*
1612 55 1618 80 ³
1720 47 1749 63 ’
