1751 2767
649 0 1079 38 ⁹«
1143 0 1350 27 ί
1359 0 1408 49 ε,
1473 0 1553 51 ,3

253 172 435 238 v(fictur.
460 201 591 241 „sum
604 202 663 230 m·
690 189 758 241 iis,
786 190 867 245 qni
894 181 1026 230 mirer
1053 189 1267 245 antiqwos,
1298 197 1386 230 non
1416 192 1571 243 tamen,

70 304 135 349 Ἠ·
151 322 286 384 sentim
302 324 429 381 qnasi
457 324 579 367 lassa
598 329 649 366 et
677 321 808 379 effeta
834 320 1013 373 natura,
1044 329 1092 365 nt
1118 323 1227 365 nihil
1246 323 1332 364 iam
1351 321 1572 365 landabile

136 434 143 445 .—
158 391 354 455 μανίαι“.
412 389 545 434 Satis
553 390 676 434 iusto
694 390 835 433 animo
863 392 1050 432 aetatem
1086 401 1205 433 suam
1239 388 1438 432 aestimat
1474 401 1571 432 ann.

72 449 243 512 111
272 462 339 500 55.
368 456 488 500 exin:
519 459 634 510 „nisi
657 456 779 512 forte
806 458 935 500 rebus
965 459 1131 500 cunctis
1158 459 1270 499 inest
1297 457 1471 513 qnidam
1499 471 1570 498 ve-

125 574 127 577 ,
142 515 229 569 slat
258 525 392 577 orbis,
421 530 481 576 nt,
514 525 867 582 quemadmodum
896 530 1133 580 temporum
1161 525 1291 575 vices,
1321 525 1385 566 ita
1409 537 1572 566 morum

122 589 414 637 ‘'vertantur:
454 607 546 642 nec
584 595 755 636 omnia
793 594 934 649 apud
969 593 1183 648 priores
1211 593 1440 642 meliora,
1484 591 1573 633 sed

0 658 53 701 ’ἑ
164 666 358 704 nostra
401 674 609 718 qnoque
654 667 808 703 aetas
851 661 1010 702 mulla
1058 659 1244 700 landis
1286 664 1332 700 et
1375 660 1573 700 artium

0 721 15 733 ⁷
164 729 425 771 imitanda
471 730 722 782 posteris
771 728 963 773 tulit“,·
1006 750 1059 756 —-
1101 725 1273 768 histyl.
1315 731 1372 768 3.:
1429 738 1573 776 „non

91 811 96 814 ·
164 801 339 839 tamen
369 795 509 837 adeo
543 796 800 837 virtulum
835 794 1027 835 sterile
1065 792 1348 844 saeculum,
1384 797 1438 835 ut
1474 805 1572 834 non

163 868 211 905 et
258 863 393 904 bona
441 864 680 916 exempla
724 862 1089 915 prodiderit&
1171 861 1311 913 Atque
1359 860 1573 902 simillima

163 927 376 985 profertur
419 928 630 973 sententia
673 928 715 972 in
745 927 925 983 dialogo,
969 927 1042 971 ubi
1079 927 1123 971 in
1153 940 1187 972 c.
1223 932 1284 972 18.
1329 930 1427 972 sunt
1467 919 1572 972 haec

162 998 291 1040 verba
320 997 466 1051 (atque
504 1010 555 1038 ea
589 997 641 1038 ab
678 998 806 1049 Apro,
841 997 1085 1038 recentioris
1121 997 1382 1049 eloquentiae
1425 996 1571 1038 defen-

165 1069 272 1117 sore,
303 1063 619 1120 enunciantur):
656 1064 767 1117 „hoc
795 1065 961 1107 interim
990 1063 1204 1119 probasse
1225 1069 1450 1107 contentus
1477 1077 1571 1107 snm

164 1146 250 1174 non
280 1146 374 1174 esse
412 1146 538 1174 unum
567 1135 835 1192 eloquentiae
868 1134 1042 1182 vultum,
1079 1134 1159 1174 sed
1193 1134 1237 1173 in
1265 1134 1352 1173 illis
1388 1145 1571 1188 quoqne,

164 1214 275 1259 qnos
308 1201 480 1243 vocatis
508 1202 721 1258 antiquos,
764 1201 915 1256 plures
943 1201 1110 1255 species
1149 1199 1426 1254 deprehendi,
1476 1212 1573 1242 nec

163 1270 353 1311 statim
382 1268 633 1310 deterius
661 1282 805 1319 esse,
837 1269 972 1323 quod
1001 1268 1271 1308 diversum
1300 1272 1399 1316 est,
1432 1268 1572 1308 vitio

165 1341 339 1378 antem
368 1337 735 1391 maliynitatis
763 1336 1019 1379 humanae
1056 1340 1240 1377 vetera
1273 1347 1483 1389 semper
1522 1335 1572 1376 in
1608 1389 1612 1392 .

164 1403 342 1454 laude,
361 1406 677 1459 praesentia
696 1405 746 1445 in
763 1402 997 1458 fastidio
1017 1405 1178 1444 esse“.
1228 1401 1312 1444 Sed
1331 1402 1432 1455 quid
1451 1402 1574 1455 plura

163 1470 335 1513 afferam
364 1470 583 1528 exempla?
617 1470 815 1525 Quisquis
843 1471 1139 1514 historicorum
1166 1470 1301 1512 Taciti
1320 1470 1572 1528 scriptorum

164 1537 378 1591 ingenium
396 1541 512 1580 recte
530 1538 793 1591 perspexerit
813 1542 857 1581 et
874 1542 1024 1592 postea
1039 1538 1251 1591 dialogum
1266 1538 1320 1580 de
1335 1537 1574 1580 oratoribus

164 1605 410 1659 diligentius
428 1605 591 1659 legerit,
622 1606 798 1648 eandem
826 1607 870 1649 in
889 1606 1077 1660 utrisque
1097 1605 1347 1647 modestiam
1368 1608 1412 1647 et
1436 1605 1573 1647 conti-

108 1688 109 1692 *
164 1672 364 1724 nentiam‚
385 1674 564 1716 eundem
572 1674 751 1716 modum
770 1674 964 1728 idemque
978 1676 1358 1727 temperamentum
1374 1673 1571 1715 inveniet.

273 1740 393 1783 Alius
422 1752 523 1782 vero
562 1741 787 1794 singularis
824 1746 868 1783 et
901 1741 1097 1795 proprius
1133 1741 1248 1782 locus
1285 1740 1464 1791 accedit,
1501 1740 1574 1794 qui

164 1807 433 1861 conspicuam
451 1807 628 1861 praebet
643 1808 798 1862 dialogi
813 1812 857 1852 et
876 1808 1012 1851 Taciti
1032 1808 1360 1851 similitudinem.
1401 1807 1574 1850 Tacitus

165 1875 276 1918 enim
305 1875 416 1918 inter
443 1875 603 1929 primas
643 1887 736 1919 esse
775 1889 923 1919 causas
957 1889 1121 1918 morum
1158 1876 1474 1918 demutatorum
1507 1875 1574 1917 in-

150 1943 330 1996 telligit,
361 1943 475 1997 quod
502 1946 675 2004 matres,
706 1956 811 1998 quae
839 1948 964 1987 antea
982 1943 1096 1985 vitae
1122 1955 1328 1985 summam
1355 1943 1576 1996 posuerint

162 2010 207 2054 in
236 2010 380 2054 liberis
418 2011 648 2054 educandis
685 2014 729 2054 et
762 2011 861 2054 inde
889 2011 1020 2054 bonos
1060 2010 1172 2052 cives
1200 2009 1456 2064 reipublicae
1484 2014 1573 2053 tra-

165 2078 363 2129 diderint,
393 2081 494 2121 tunc
522 2079 630 2121 hanc
660 2091 831 2132 operam
860 2078 948 2121 sive
976 2078 1118 2120 taedio
1149 2078 1237 2120 sive
1278 2078 1474 2132 superbia
1507 2078 1574 2120 in-

165 2145 319 2199 ductae
348 2151 597 2192 aversentur
625 2150 668 2190 et
696 2158 773 2200 per
797 2146 982 2190 nutrices
1002 2149 1046 2190 et
1065 2146 1240 2189 ancillas
1259 2145 1413 2189 liberos
1433 2146 1574 2189 sinant

163 2214 388 2272 corrumpi.
435 2213 516 2264 Qui
544 2214 660 2257 locus
679 2217 875 2257 accurate
904 2218 948 2257 et
975 2214 1146 2257 uberius
1175 2217 1389 2257 tractatur
1418 2214 1460 2256 in
1481 2214 1572 2255 dia-

95 2306 102 2315 ,
164 2279 262 2333 logo
295 2280 395 2346 inde
431 2293 458 2324 a
485 2293 521 2324 c.
553 2286 633 2332 28„
671 2281 745 2324 ubi
777 2285 869 2324 tota
901 2294 1128 2335 puerorum
1163 2294 1433 2324 romanorum
1468 2282 1571 2324 edu-

74 2342 96 2370 ’-
166 2346 278 2389 catio
305 2348 418 2391 illius
437 2349 640 2403 temporis
660 2353 893 2392 enarratur.
938 2346 1055 2392 Haec
1083 2350 1309 2403 praecipue
1327 2348 1455 2391 verba
1474 2352 1572 2391 sunt

8 2443 14 2450 ,
48 2452 52 2457 .
89 2445 103 2471 3
130 2413 132 2415 ’
159 2412 448 2458 observanda:
488 2428 524 2459 c.
555 2421 621 2459 28.
652 2418 776 2474 „quis
805 2418 981 2471 iynorat
1009 2424 1050 2459 et
1078 2418 1359 2474 eloquentia-m
1395 2422 1435 2457 et
1465 2421 1570 2456 cete-

105 2480 107 2483 ’
165 2492 244 2522 ras
280 2487 401 2524 artes
439 2483 676 2526 descivisse
717 2483 772 2527 ab
811 2485 899 2526 ista
933 2491 1079 2527 vetere
1112 2486 1261 2540 yloria
1292 2486 1383 2524 ‘non
1422 2483 1571 2536 inopia

165 2547 389 2609 hominnm,
424 2551 506 2593 sed
539 2552 712 2594 desidia
752 2553 987 2595 inventutis
1025 2558 1067 2594 et
1105 2551 1448 2608 neyliyentia
1475 2563 1569 2604 pa-

164 2621 374 2660 rentum
394 2623 444 2660 et
464 2620 758 2672 inscientia
773 2622 1228 2678 praecipientium
1249 2625 1295 2661 et
1315 2618 1570 2662 oblivione

215 242 419 327 “wama
451 261 686 311 temporum
714 254 963 298 nostrorum
991 256 1165 311 inqenia
1193 255 1411 311 despicio:
1437 266 1572 317 neque
1613 274 1631 317 .-

657 12 660 18 “
1559 0 1613 22 ‘'5⁴“
1626 0 1751 43 ΞἾΓΨ

629 35 700 68 -ςῆῑς,
764 56 766 59 .
795 53 813 64 ‚
958 46 961 47 γ
1053 48 1063 50 ,γ
1226 64 1230 67 3
1266 43 1269 46 -
1394 62 1407 65 ..
1640 23 1751 69 “s-³935

642 116 651 124 ,
1580 117 1583 122 ,

862 137 868 141 ·
1696 141 1704 149 4
