1751 2767
10 208 42 263 {³
124 223 134 245 *
162 233 302 285 cuius
311 234 441 279 inter
446 234 676 278 auditores
710 238 756 277 et
783 211 980 278 assiduos
1009 215 1243 278 sectatores
1270 246 1377 278 sese
1392 210 1701 283 numetat'“‘

161 305 313 373 auctor
341 290 501 357 dialogi
532 301 650 356 (dial.
683 313 718 345 c.
751 302 840 357 2.)·?
871 325 924 331 -

275 370 425 414 Altera
454 370 604 414 classis
633 382 780 413 eorum
810 369 883 424 qui
912 369 1066 419 Tacito
1090 369 1307 423 dialogum
1326 348 1586 421 abiudicant‚
1619 404 1623 409 ,

148 440 263 481 sunt
280 437 357 493 qui
372 437 419 482 C.
442 437 674 482 Caecilium
694 436 879 480 Plinium
902 435 1145 480 Secundum
1165 436 1370 479 minorem
1390 436 1587 489 statuunt
1643 492 1647 495 ἱ
1680 440 1695 495 ᾗ
1712 449 1751 500 fs:

160 509 390 548 auctorem.
450 506 582 549 Cuius
616 504 869 548 sententiae
916 508 1210 558 propugnator
1257 508 1324 547 est
1377 504 1460 546 Jo.
1482 504 1585 546 dac.

159 571 289 629 Henr.
320 571 551 626 Nastius,¹)
582 583 771 627 eumque*
792 574 940 614 secuta
968 574 1036 614 est
1055 583 1212 626 magna
1230 570 1380 614 cohors
1399 571 1584 629 virorum
1654 569 1657 571 ’

159 636 439 692 doctorum.’)
498 640 608 682 Huic
638 651 804 693 quoque
833 639 1071 681 sententiae
1100 639 1225 681 stilus
1254 639 1412 692 dialogi
1427 638 1586 681 Plinia-

157 706 226 751 nis
252 706 424 761 scriptis
453 698 630 750 similior
657 705 875 761 praesidio
906 709 990 757 est;
1022 708 1114 748 tum
1134 708 1316 760 tempus,
1347 718 1430 760 quo
1449 704 1584 748 dialo—

158 787 239 827 gus
275 774 447 817 habitus
490 775 680 828 fingitur,
726 774 900 827 optime,
949 774 1084 823 aiunt,
1132 773 1175 815 in
1223 772 1406 815 Plinium
1455 773 1583 824 cadit,
1653 824 1660 834 J

157 844 287 896 atque
317 841 402 885 tale
431 845 734 895 argumentum
755 840 1013 885 rhetoricum
1032 843 1296 895 pertractare
1315 839 1582 894 aptissimum

157 912 225 951 est
252 908 426 962 reliquis
455 908 581 950 Plinii
618 909 775 952 studiis
806 910 938 963 (quae
978 909 1153 951 eaedem
1198 921 1351 952 causae
1394 912 1582 951 ceterum

155 974 284 1018 etiam
329 988 356 1018 a
400 974 649 1027 Quintiliani
693 976 888 1030 patronis
937 966 1308 1030 interponuntur);
1361 978 1584 1030 praeterea
1623 996 1625 998 v

153 1042 313 1086 Fabius
341 1043 369 1085 J
372 1047 506 1094 ustus,
537 1044 594 1086 ad
622 1056 748 1098 quem
774 1043 941 1087 libellus
970 1043 1126 1086 missus
1146 1047 1225 1094 est,
1256 1043 1381 1086 Plinii
1400 1043 1582 1086 familia-

153 1110 348 1153 rissimus
383 1110 558 1165 eiusque
599 1114 767 1153 tantum
808 1123 858 1154 ex
898 1110 1093 1165 epistulis
1128 1113 1268 1162 notus,
1313 1123 1519 1165 nusquam
1556 1124 1582 1153 a
1618 1146 1620 1149 ,

154 1177 304 1220 Tacito
333 1182 704 1220 commemoratur.

271 1244 334 1287 Ac
383 1245 438 1287 de
485 1244 624 1298 prima
672 1245 843 1300 quidem
884 1257 1012 1288 causa
1059 1258 1137 1300 pro
1184 1244 1387 1288 Pliniana
1425 1244 1582 1299 dialogi

153 1311 315 1364 origine
353 1312 485 1354 allata
523 1313 698 1354 eaedem
739 1316 910 1355 exstant
947 1312 1226 1355 difficultates
1271 1317 1315 1354 et
1357 1313 1580 1367 angustiae

153 1390 262 1433 quae
293 1390 425 1433 supra
455 1378 803 1430 deQuintilianO.
865 1379 911 1422 Si
940 1380 1035 1435 quis
1064 1380 1175 1423 enim
1195 1378 1320 1423 Plinii
1340 1390 1577 1422 sermonem

149 1446 193 1488 in
224 1446 421 1499 epistulis
451 1450 496 1488 et
525 1447 568 1489 in
590 1448 845 1501 panegyrico
875 1447 1112 1490 adhibitum
1134 1446 1379 1500 cognoverit
1408 1450 1452 1489 et
1482 1459 1577 1489 cum

151 1513 321 1567 dialogo
350 1514 591 1557 accuratius
621 1514 945 1569 comparaverit,
976 1513 1024 1566 is,
1062 1517 1223 1568 quanta
1252 1514 1309 1557 sit
1338 1512 1576 1565 diversitas,

149 1594 233 1623 non
263 1585 408 1635 potest
445 1595 529 1624 non
567 1582 817 1636 intelligere.
876 1582 987 1624 Nam
1025 1581 1147 1624 fucus
1182 1586 1226 1624 et
1267 1581 1449 1624 cincinni
1488 1594 1577 1623 ser-

150 1649 287 1691 monis
334 1649 516 1692 Pliniani
561 1650 716 1692 desunt
756 1649 938 1703 dialogo,
985 1649 1057 1703 qui
1100 1648 1268 1691 etiamsi
1312 1661 1394 1690 non
1438 1648 1576 1691 minus

149 1715 322 1769 elegans
352 1720 496 1758 tamen
535 1729 619 1758 non
655 1717 717 1758 ita
751 1716 910 1769 politus
949 1720 994 1758 et
1030 1719 1206 1758 ornatus
1241 1719 1320 1766 est,
1365 1719 1414 1757 ut
1452 1715 1577 1758 Plinii
1619 1723 1625 1726 ’

149 1782 367 1836 ingenium
415 1795 635 1836 agnoscas.
703 1782 931 1825 Praeterea
974 1783 1089 1825 illam
1137 1782 1345 1825 virtutum
1404 1795 1576 1826 suarum

149 1849 481 1893 ostentationem
526 1858 571 1892 et
608 1850 970 1903 praedicationem
1013 1850 1128 1903 apud
1168 1849 1326 1903 dialogi
1356 1853 1573 1893 auctorem

148 1916 473 1967 desideraveris,
505 1929 630 1970 quam
661 1916 704 1958 in
739 1916 933 1959 omnibus
964 1917 1052 1959 suis
1085 1916 1255 1970 scriptis
1284 1929 1388 1970 prae
1418 1929 1462 1960 se
1492 1917 1575 1960 fert
1639 1924 1642 1926 ’

146 1983 322 2027 Plinius.

262 2051 348 2093 Sed
375 2062 454 2103 per
483 2054 668 2093 aetatem
698 2050 860 2093 Plinius
890 2051 1073 2093 fortasse
1112 2055 1262 2093 auctor
1299 2063 1393 2093 esse
1431 2055 1575 2103 potest

145 2119 211 2161 vel
241 2119 388 2172 utique
418 2118 515 2160 est?
574 2143 627 2147 —
685 2117 861 2170 Plinius,
898 2119 970 2172 qui
1000 2117 1387 2160 duodevicesimum
1417 2118 1574 2171 agebat

145 2199 318 2238 annum,
351 2197 446 2228 cum
477 2197 529 2227 ex
558 2185 733 2227 Vesuvii
762 2185 958 2228 incendio
987 2185 1223 2227 avunculus
1253 2184 1358 2227 obiit
1386 2186 1470 2239 (ep.
1498 2185 1571 2228 VI.

147 2260 213 2296 20.
237 2254 312 2307 5.),
343 2254 370 2295 i.
391 2265 427 2295 e.
449 2253 585 2294 nostri
615 2254 709 2295 aevi
738 2267 776 2295 a.
810 2258 889 2303 79„
921 2266 971 2295 eo
992 2258 1198 2306 tempore,
1228 2265 1312 2306 quo
1338 2253 1573 2306 disputatio

146 2320 219 2363 illa
254 2320 454 2363 instituta
488 2319 677 2373 fingitur,
723 2320 927 2363 tredecim
965 2319 1055 2363 fere
1093 2331 1298 2362 annorum
1335 2331 1441 2373 puer
1471 2319 1571 2362 fuit.

145 2387 320 2430 Minime
349 2399 456 2429 vero
478 2386 696 2439 probabile
727 2391 793 2429 est
822 2388 1015 2431 tantillae
1039 2387 1196 2429 aetatis
1225 2399 1402 2439 puerum
1423 2399 1572 2440 quam-

253 2543 283 2583 ι)
300 2540 346 2577 Ιιι
362 2540 450 2577 dial.
468 2541 640 2578 translat.
655 2552 801 2579 vernae.
819 2543 908 2579 Hal.
924 2544 1025 2580 1787.

251 2599 284 2641 ²)
308 2608 345 2635 ν.
370 2597 564 2644 Eekstein,
589 2598 615 2636 l.
640 2599 667 2636 l.
694 2610 732 2645 p.
756 2599 814 2636 42.
839 2599 895 2636 46.
922 2611 1003 2646 sqq.
