1751 2767
334 222 503 299 ..neque
543 222 770 300 quidquam
814 256 865 288 ex
905 244 986 287 hac
1023 248 1147 299 parte
1181 235 1336 297 obstat,
1371 224 1486 300 quod
1520 243 1561 287 ei

234 357 238 362 f
299 358 313 361 ‚⁷
394 311 636 359 abiudicare
665 315 802 365 cogat.

144 368 366 439 emi-[Iam
381 379 513 435 igitur
541 380 827 436 quaerendum
856 383 922 423 est
949 379 1048 423 hoc:
1088 377 1323 423 sententiae
1343 377 1474 422 libelli
1491 378 1559 422 vel

150 445 364 506 'ingenium
393 448 433 490 ei
460 449 710 502 impressum
740 447 928 490 Tacitine
956 447 1124 500 ingenio
1154 450 1198 488 et
1226 446 1391 497 studiis,
1419 446 1560 511 qualia

143 503 268 567 1111313
314 514 405 558 61113
462 514 676 559 historicis
732 514 908 569 aliisque
964 513 1219 558 testimoniis
1277 513 1556 566 declarantur,

0 610 24 646 *5
136 576 418 646 repugnant?

261 650 432 694 Tacitus
465 651 634 705 quidem
672 654 789 718 totus
824 663 875 693 ex
908 653 1048 693 mente
1087 652 1130 692 et
1171 650 1311 693 animo
1353 651 1557 704 grandem

147 719 192 761 et
219 717 426 764 excelsam
455 717 612 761 liberae
639 717 892 772 reipublicae
930 721 1116 761 aetatem
1151 717 1426 772 praeteritam
1465 730 1557 761 am·

28 775 30 779 ¹
55 774 80 826 ζ
99 780 124 835 s
147 779 348 840 plectitur
375 789 419 829 et
448 786 761 840 simplicitatem
774 808 777 810 ·
790 786 881 828 eius
910 789 954 828 et
981 798 1145 827 morum
1173 785 1456 828 innocentiam
1485 797 1556 828 ca-

148 853 420 907 stitatemque
448 853 705 904 admiratur;
744 857 886 895 tamen
916 853 1029 895 omni
1056 854 1268 906 pravitate
1301 857 1345 896 et
1368 853 1558 907 nequitia

147 912 398 974 aequalium,
437 921 611 971 luxurie,
648 920 836 971 mollitie,
876 921 1139 973 turpitudine
1174 920 1331 963 saeculi
1367 920 1555 974 corrupti

124 1012 125 1016 =
147 988 432 1039 circumdatus
452 991 538 1031 est:
577 988 720 1042 itaque
738 988 854 1030 velut
874 988 1081 1042 duplicem
1101 988 1191 1042 agit
1209 989 1354 1039 vitam,
1375 988 1554 1031 alteram

125 1056 190 1114 gin
219 1055 413 1110 gloriosis
448 1055 709 1110 temporibus
745 1056 999 1109 praeteritis,
1030 1055 1207 1098 alteram
1235 1055 1279 1098 in
1309 1067 1384 1098 sua
1413 1058 1554 1098 aetate

145 1123 326 1178 perdita.
402 1123 652 1168 Rectissime
703 1124 1001 1178 Bernhardyus
1045 1125 1098 1167 'in
1155 1125 1425 1179 „yrnndriss
1473 1124 1554 1169 der

79 1246 80 1251 Ἰ
145 1192 385 1233 remia-hen
415 1187 911 1246 litteraturyeschz'ckte“
953 1192 1018 1233 ed.
1064 1204 1104 1233 a.
1137 1196 1258 1234 1850.
1294 1204 1335 1244 p.
1369 1195 1462 1233 555.
1493 1191 1555 1233 ita

93 1264 99 1276 '
146 1258 282 1302 Taciti
299 1262 494 1301 naturam
515 1258 735 1302 describit:
766 1258 927 1309 „Scine
957 1259 1284 1302 individualitc‘it
1303 1272 1397 1301 war
1416 1260 1552 1302 einer-

144 1328 250 1368 seim
278 1326 373 1368 echt
400 1327 587 1368 remisck
616 1327 706 1368 und
734 1340 792 1367 an
822 1327 904 1368 den
931 1339 1116 1381 yrossen
1137 1329 1452 1381 erinnerunyen
1473 1327 1553 1367 der

144 1395 341 1449 republilc
374 1395 577 1450 yeniilzrt,
618 1395 911 1436 ander-emens
950 1395 1065 1450 neiyt
1098 1396 1160 1436 sie
1199 1394 1471 1436 entscleieden
1501 1408 1553 1436 zu

145 1462 227 1505 den
266 1463 495 1505 moder-nen
524 1463 778 1519 ⁷·ichtun9en
809 1461 892 1504 hin.
952 1463 1031 1504 Als
1061 1461 1307 1504 denkender
1335 1461 1426 1504 und
1455 1459 1551 1516 ties-

143 1532 337 1585 sinniyer
366 1529 482 1585 kopf
502 1554 555 1560 —
581 1530 736 1584 9‘elzb'rt
764 1543 813 1571 er
840 1531 984 1571 seiner
1001 1536 1248 1584 yeyenwart
1268 1531 1342 1571 mit
1366 1529 1551 1571 kummer

144 1598 249 1641 iiber
286 1598 368 1639 den
398 1599 562 1655 ver-lust
595 1599 714 1639 einer
741 1596 930 1638 schimen
959 1596 1294 1652 veryanyenheit
1321 1596 1412 1638 und
1440 1596 1551 1638 ohne

144 1665 336 1708 aussickt
378 1665 466 1719 auf
504 1658 674 1707 bassei-e
717 1663 894 1718 zukzms't
941 1669 1046 1706 an“.
1119 1664 1174 1706 Et
1220 1664 1325 1706 haec
1372 1667 1550 1707 naturae

143 1732 367 1776 diversitas
396 1733 641 1787 saepissime
669 1731 712 1774 in
749 1731 838 1774 eius
868 1731 1036 1786 scriptis
1066 1734 1204 1774 exstat
1233 1734 1360 1786 atque
1389 1731 1561 1784 61116611

141 1801 241 1844 111(16
279 1815 444 1844 maeror
480 1802 550 1843 ille
588 1806 632 1843 et
670 1801 801 1851 dolor,
840 1801 938 1842 inde
971 1800 1043 1842 illa
1072 1801 1259 1853 gravitas
1285 1813 1423 1853 neque
1451 1814 1549 1843 rara

27 1859 33 1862 ’
80 1914 82 1917 ,
141 1867 362 1924 acerbitas,
405 1868 555 1924 quibus
580 1879 699 1929 „suae
746 1866 900 1919 aetatis
948 1866 1227 1920 corruptelam
1277 1867 1459 1921 castigat
1506 1871 1550 1910 et

119 1938 468 1990 praeteritorum
488 1940 725 1989 temporum
744 1936 924 1977 virtutes
948 1935 1178 1977 contrarias
1197 1936 1394 1977 laudibus
1413 1937 1548 1987 tollit;

140 2002 214 2046 illa
241 2003 464 2055 sententia,
495 2015 602 2057 quae
630 2003 673 2045 in
704 2002 900 2057 Agricola
929 2013 963 2044 c.
985 2006 1023 2043 2.
1048 2001 1371 2054 pronunciatur:
1402 2004 1549 2053 „sicut

141 2077 264 2112 vetus
299 2077 423 2112 aetas
460 2073 585 2120 vidit,
625 2072 729 2126 quid
765 2072 953 2111 ultimum
989 2072 1032 2110 in
1073 2071 1270 2111 libertate
1312 2077 1441 2120 esset,
1484 2074 1548 2112 ita

101 2143 104 2146 ’
140 2149 235 2188 nos,
264 2138 369 2195 quid
397 2140 441 2180 in
470 2139 709 2180 servitute“
739 2148 815 2191 per
844 2136 983 2179 omnia
1009 2135 1146 2179 Taciti
1174 2137 1333 2191 scripta
1362 2142 1545 2181 resonat.

139 2205 245 2248 Inde
287 2205 359 2248 illa
400 2206 530 2248 libido
571 2206 848 2259 componendi
890 2208 934 2247 et
976 2204 1219 2247 conferendi
1252 2219 1321 2249 res
1355 2207 1466 2249 inter
1501 2219 1546 2249 se

141 2274 395 2329 contrarias;
436 2277 479 2318 et
507 2274 617 2318 sicut
645 2274 687 2318 in
718 2273 902 2317 dictione
922 2272 1109 2328 singulas
1137 2278 1283 2328 partes
1312 2287 1395 2317 non
1420 2286 1545 2329 pares

138 2341 249 2384 inter
278 2355 323 2384 se
352 2348 396 2384 et
424 2343 633 2396 aequales,
665 2344 740 2384 sed
770 2343 959 2384 diversas
978 2346 1021 2383 et
1041 2343 1276 2384 contrarias
1296 2354 1544 2395 componere

138 2408 206 2464 vel
232 2414 359 2463 pares
388 2412 504 2453 certe
536 2409 653 2452 vario
688 2410 814 2457 modo
842 2409 1072 2463 adiungere
1101 2409 1220 2460 solet,
1228 2410 1260 2464 1)
1290 2409 1352 2452 ita
1379 2409 1421 2451 in
1450 2408 1543 2451 uni-

139 2487 236 2494 ——-——-—

138 2522 322 2559 numeros,
354 2514 530 2561 rationes,
557 2514 722 2552 ordinem
745 2513 1009 2561 disputationis
1033 2515 1207 2551 memoria
1230 2517 1268 2550 et
1290 2512 1541 2550 recordatione

22 2571 30 2577 ²
69 2598 72 2600 ,
108 2601 114 2605 ,
139 2573 326 2608 auctorem
350 2581 518 2608 servasse
533 2583 684 2609 necesse
700 2572 811 2617 foret,
838 2573 934 2616 quod
950 2572 1099 2617 nenimi,
1124 2583 1222 2616 reor,
1247 2570 1540 2616 persuadebitur.

251 2628 284 2672 ι)
305 2636 342 2664 v.
366 2626 596 2674 Nipperdeyi
617 2629 856 2676 prolegomm.
881 2628 920 2665 in
943 2629 1031 2665 Tac.
1057 2629 1114 2665 ed.
1140 2639 1172 2665 a.
1199 2629 1299 2664 1862.
1323 2637 1360 2672 p.
1378 2626 1540 2664 XXXV.
