1751 2767
213 358 330 430 cans,
376 389 512 433 neque
558 390 609 421 eo
655 378 794 422 minus
839 377 1102 433 intelligitur.
1179 379 1239 420 At
1281 377 1320 422 si
1360 377 1455 432 quis
1502 378 1557 421 de

89 504 119 513 .,
139 433 386 503 quaestione
427 445 569 499 aliqua
611 444 796 497 disserit,
840 457 949 501 quae
991 445 1080 489 sive
1122 446 1166 489 in
1204 445 1362 489 litteris
1397 444 1486 489 sive
1513 445 1557 488 ιιι

128 511 304 562 autibus
349 512 556 566 versatur,
610 516 737 568 atque
784 513 956 567 insuper
1003 513 1162 568 dialogi
1207 512 1345 556 forma
1390 512 1468 556 tali
1514 512 1559 556 in

71 571 100 623 'f
126 572 432 636 ‘disputatione
469 580 619 634 utitur,
657 581 721 624 ita
757 584 807 623 ut
843 580 888 624 in
926 580 1159 624 contrarias
1186 576 1334 635 partes
1368 584 1413 624 et
1440 580 1560 624 varia

0 652 30 710 J:-
71 684 76 688 .
139 645 305 697 tatione
343 648 480 691 oratio
517 648 768 708 explicetur:
807 648 845 691 is
873 648 1112 692 accuratius
1141 673 1196 679 —
1224 660 1294 691 res
1321 648 1417 702 ipsa
1445 647 1558 691 enim

0 710 51 765 ἐξ,
140 709 331 771 postulat
362 739 417 746 ——
446 716 501 758 de
543 715 720 770 singulis
750 728 887 770 agere,
930 728 1076 759 omnes
1117 728 1267 759 causas
1308 727 1393 758 non
1423 715 1559 759 solum

119 783 258 828 'velut
294 783 508 826 innuendo
545 782 796 837 significare,
836 783 912 825 sed
949 787 1038 826 tam
1067 783 1252 826 dilucide
1280 795 1408 838 quam
1436 783 1560 838 plene

125 854 187 908 ‘et
205 851 375 905 copiose
395 862 602 905 exponere
621 853 665 893 et
688 850 900 894 illustrare
928 850 1065 893 debet.
1114 840 1207 894 Hac
1233 847 1560 914 argumentandi

141 919 322 970 ratione,
365 918 502 972 qualis
544 918 746 960 historiae
790 919 923 969 deest,
968 922 1107 960 totum
1151 918 1388 971 scripturae
1424 930 1559 972 genus

79 1000 108 1043 ᾗ
142 981 278 1030 fusius
312 997 362 1028 ac
396 984 587 1028 ornatius
623 983 716 1033 fieri
752 996 830 1039 per
865 997 910 1028 se
938 985 1082 1040 liquet.
1158 985 1269 1028 Hinc
1307 984 1437 1028 etiam
1474 998 1559 1029 non

143 1065 242 1097 rara
278 1053 321 1095 ιιι
360 1052 529 1105 dialogo
567 1052 621 1094 de
650 1051 888 1095 oratoribus
916 1051 1053 1094 verba·
1074 1063 1124 1094 ex
1152 1052 1317 1106 vulgari
1345 1056 1389 1095 et
1418 1053 1559 1107 quoti*

137 1120 271 1165 diano
309 1120 533 1174 depromta
570 1131 762 1164 sermone
790 1122 835 1163 et
872 1119 1124 1164 allocutione
1163 1119 1411 1175 explicanda
1439 1123 1558 1174 sunt;

143 1189 241 1233 hinc
268 1187 528 1241 tautologiae
556 1200 664 1241 quae
693 1200 787 1231 esse
814 1188 1012 1231 videntur
1040 1191 1084 1230 et
1107 1187 1392 1231 abundantiae
1410 1188 1561 1232 verbo-

144 1270 258 1310 rum;
296 1256 406 1309 hinc,
444 1259 494 1299 ut
531 1256 615 1300 alia
652 1255 911 1308 omittamus,
947 1255 1143 1310 frequens
1172 1267 1249 1309 pro
1280 1255 1417 1300 Taciti
1444 1269 1561 1301 more

144 1331 247 1369 usus
282 1324 486 1367 hercule
523 1324 841 1377 interjectionis,
885 1336 1012 1377 quem
1056 1323 1246 1365 nonnulli
1292 1324 1563 1367 vehementer

125 1391 390 1446 'increpuere
419 1416 473 1421 -
501 1390 656 1434 iniuria
683 1390 892 1445 profecto;
940 1403 1039 1434 nam
1068 1390 1111 1433 in
1141 1390 1282 1434 sobria
1310 1395 1355 1435 et
1383 1392 1564 1447 simplici

144 1459 416 1503 historiarum
436 1458 622 1501 dictione
641 1458 748 1501 tales
767 1471 891 1502 voces
911 1459 1266 1501 asseverationem
1287 1462 1331 1501 et
1346 1463 1561 1513 tamquam

144 1525 438 1570 iusiurandum
457 1525 665 1568 addentes
683 1537 768 1569 non
786 1525 945 1570 habent
962 1525 1113 1577 locum,
1134 1525 1177 1568 in
1197 1525 1390 1581 dialogis,
1411 1525 1562 1582 quibus

146 1605 351 1648 personae
393 1593 511 1646 ipsae
552 1593 773 1647 loquentes
814 1593 1073 1636 inducuntur
1110 1597 1154 1635 et
1192 1594 1427 1636 sententias
1463 1607 1562 1636 suas

145 1660 445 1716 pronunciatas
473 1673 499 1703 a
528 1659 862 1704 dubitationibus
891 1660 1114 1704 contrariis
1141 1660 1386 1714 defendunt,
1417 1661 1563 1706 iustis-

147 1729 253 1772 sime
280 1724 556 1770 adhibentur(
605 1728 788 1771 Disertis
816 1728 966 1770 verbis·
974 1729 1084 1770 hanc
1105 1728 1432 1782 discrepantiam
1452 1730 1564 1772 inter

148 1795 326 1840 sublime
346 1808 478 1849 genus
495 1795 745 1839 historicum
765 1799 810 1838 et
827 1795 1093 1838 humiliorem
1109 1796 1391 1850 levioremque
1406 1797 1565 1851 dialogi

147 1864 291 1906 stilum
329 1863 662 1906 intercedentem
697 1863 859 1906 Plinius
901 1862 1163 1917 describit21)
1201 1863 1357 1914 „habet
1395 1864 1564 1921 quidem

149 1932 337 1983 oralio‚“
375 1931 513 1985 inquit
546 1938 617 1983 „et
655 1932 840 1975 historia
880 1932 1014 1974 multa
1045 1932 1295 1982 communia,
1325 1931 1405 1974 aed
1427 1933 1565 1987 plura

148 2000 327 2043 diversa
363 2000 405 2042 in
440 1998 508 2042 his
541 2000 664 2055 ipsis,
690 1997 811 2057 ‘quae
842 1999 1079 2042 communia
1109 1998 1325 2041 videnlur.
1386 1998 1565 2042 Narrat

147 2082 254 2112 sane
289 2070 408 2124 ipsa5
446 2074 604 2110 narrat
643 2068 763 2119 haec,
798 2067 877 2110 sed
905 2068 1044 2110 aliter.
1104 2067 1221 2109 Huic
1243 2069 1459 2125 pleraque
1489 2069 1564 2111 hu-

148 2138 267 2180 milia
296 2141 336 2178 et
364 2134 553 2178 sordida
582 2141 623 2177 et
648 2149 702 2177 ex
720 2135 858 2178 medio
876 2136 1037 2191 petila3
1074 2136 1138 2177 illi
1159 2137 1303 2180 omnia
1322 2136 1564 2188 recondita,

147 2202 393 2260 splendida,
423 2204 595 2246 excelsa
625 2205 896 2246 conveniunt.
957 2203 1086 2245 Hanc
1109 2205 1288 2258 saepius
1308 2217 1437 2255 ossa,
1455 2217 1564 2247 mus-

85 2312 96 2315 -
151 2272 248 2322 culi,
277 2271 413 2322 nervi,
443 2272 560 2313 illam
581 2273 669 2314 tori
688 2270 861 2328 quidam
880 2275 922 2313 et
942 2272 1069 2326 quasi
1095 2271 1220 2314 iubae
1240 2271 1403 2315 decent.
1445 2271 1567 2313 Haec

149 2340 221 2382 vel
247 2339 426 2381 maxime
455 2339 512 2390 υἱ,
544 2338 847 2389 amaritudine,
877 2339 1101 2390 instanlia,
1132 2339 1208 2380 illa
1239 2344 1385 2382 tractu
1404 2344 1444 2381 et
1463 2352 1564 2381 sua-

150 2408 286 2449 vitate
305 2412 434 2462 atque
455 2408 583 2448 etiam
603 2407 828 2448 dulcedine
844 2407 1001 2460 placet.
1064 2407 1288 2449 Postremo
1310 2408 1400 2448 alia
1419 2406 1564 2456 verba,

1485 2571 1531 2602 e&

1510 2600 1526 2607 -

265 2606 299 2652 ¹)
321 2605 361 2642 in
385 2615 470 2652 epp.
492 2604 542 2642 V.
567 2606 601 2641 8.
