<?xml version="1.0" encoding="UTF-8"?>
<!DOCTYPE html PUBLIC "-//W3C//DTD XHTML 1.0 Transitional//EN"
    "http://www.w3.org/TR/xhtml1/DTD/xhtml1-transitional.dtd">
<html xmlns="http://www.w3.org/1999/xhtml" xml:lang="en" lang="en">
 <head>
  <title>
</title>
<meta http-equiv="Content-Type" content="text/html;charset=utf-8" />
  <meta name='ocr-system' content='tesseract 3.04.00' />
  <meta name='ocr-capabilities' content='ocr_page ocr_carea ocr_par ocr_line ocrx_word'/>
</head>
<body>
  <div class='ocr_page' id='page_1' title='image "4738047_0012.png"; bbox 0 0 1751 2767; ppageno 0'>
   <div class='ocr_carea' id='block_1_1' title="bbox 0 0 286 91">
    <p class='ocr_par' dir='ltr' id='par_1_1' title="bbox 0 0 286 91">
     <span class='ocr_line' id='line_1_1' title="bbox 0 0 286 91; baseline 0 2676"><span class='ocrx_word' id='word_1_1' title='bbox 0 0 286 91; x_wconf 95' lang='lat' dir='ltr'><strong> </strong></span> 
     </span>
    </p>
   </div>
   <div class='ocr_carea' id='block_1_2' title="bbox 2 125 1568 231">
    <p class='ocr_par' dir='ltr' id='par_1_2' title="bbox 2 125 1636 234">
     <span class='ocr_line' id='line_1_2' title="bbox 2 125 1568 231; baseline -0.001 -14"><span class='ocrx_word' id='word_1_2' title='bbox 2 211 17 224; x_wconf 31' lang='grc' dir='ltr'><strong>χ</strong></span> <span class='ocrx_word' id='word_1_3' title='bbox 87 142 139 170; x_wconf 23' lang='lat'><strong>‘&#39;-</strong></span> <span class='ocrx_word' id='word_1_4' title='bbox 136 166 333 217; x_wconf 76' lang='lat' dir='ltr'><strong>Tacitum</strong></span> <span class='ocrx_word' id='word_1_5' title='bbox 354 172 469 227; x_wconf 84' lang='lat' dir='ltr'><strong>dicit</strong></span> <span class='ocrx_word' id='word_1_6' title='bbox 480 137 706 227; x_wconf 78' lang='lat' dir='ltr'><strong>appellare</strong></span> <span class='ocrx_word' id='word_1_7' title='bbox 726 172 888 227; x_wconf 85' lang='lat' dir='ltr'><strong>scripta</strong></span> <span class='ocrx_word' id='word_1_8' title='bbox 907 125 1168 225; x_wconf 74' lang='lat' dir='ltr'><strong>Maecenatis</strong></span> <span class='ocrx_word' id='word_1_9' title='bbox 1190 170 1568 231; x_wconf 56' lang='lat' dir='ltr'><strong>„calmum</strong></span> 
     </span>
    </p>
   </div>
   <div class='ocr_carea' id='block_1_3' title="bbox 1329 0 1751 277">
    <p class='ocr_par' dir='ltr' id='par_1_3' title="bbox 1329 0 1751 277">
     <span class='ocr_line' id='line_1_3' title="bbox 1329 0 1751 277; baseline 0 -134"><span class='ocrx_word' id='word_1_10' title='bbox 1329 0 1751 277; x_wconf 95' lang='lat' dir='ltr'><strong>    </strong></span> 
     </span>
    </p>
   </div>
   <div class='ocr_carea' id='block_1_4' title="bbox 101 232 1684 298">
    <p class='ocr_par' dir='ltr' id='par_1_4' title="bbox 101 220 1746 298">
     <span class='ocr_line' id='line_1_4' title="bbox 101 232 1684 298; baseline -0.007 -12"><span class='ocrx_word' id='word_1_11' title='bbox 101 247 104 250; x_wconf 83' lang='grc'><strong><em>’</em></strong></span> <span class='ocrx_word' id='word_1_12' title='bbox 136 242 210 297; x_wconf 77' lang='lat' dir='ltr'><strong>qui</strong></span> <span class='ocrx_word' id='word_1_13' title='bbox 245 242 365 285; x_wconf 88' lang='lat' dir='ltr'><strong>locus</strong></span> <span class='ocrx_word' id='word_1_14' title='bbox 396 241 480 285; x_wconf 87' lang='lat' dir='ltr'><strong>nisi</strong></span> <span class='ocrx_word' id='word_1_15' title='bbox 513 240 557 284; x_wconf 90' lang='lat' dir='ltr'><strong>in</strong></span> <span class='ocrx_word' id='word_1_16' title='bbox 591 240 692 284; x_wconf 84' lang='lat' dir='ltr'><strong>dial.</strong></span> <span class='ocrx_word' id='word_1_17' title='bbox 735 254 771 283; x_wconf 90' lang='lat' dir='ltr'><strong>c.</strong></span> <span class='ocrx_word' id='word_1_18' title='bbox 803 245 870 298; x_wconf 80' lang='lat'><strong>26.</strong></span> <span class='ocrx_word' id='word_1_19' title='bbox 909 241 954 284; x_wconf 90' lang='lat' dir='ltr'><strong>in</strong></span> <span class='ocrx_word' id='word_1_20' title='bbox 983 232 1178 289; x_wconf 84' lang='lat' dir='ltr'><strong>omnibus</strong></span> <span class='ocrx_word' id='word_1_21' title='bbox 1212 239 1355 289; x_wconf 83' lang='lat' dir='ltr'><strong>Taciti</strong></span> <span class='ocrx_word' id='word_1_22' title='bbox 1376 239 1634 294; x_wconf 56' lang='lat' dir='ltr'><strong>seraptis,</strong></span> <span class='ocrx_word' id='word_1_23' title='bbox 1670 277 1684 289; x_wconf 32' lang='grc' dir='ltr'><em>υ</em></span> 
     </span>
    </p>
   </div>
   <div class='ocr_carea' id='block_1_5' title="bbox 1568 277 1751 393">
    <p class='ocr_par' dir='ltr' id='par_1_5' title="bbox 1568 277 1751 393">
     <span class='ocr_line' id='line_1_5' title="bbox 1568 277 1751 393; baseline 0 0"><span class='ocrx_word' id='word_1_24' title='bbox 1568 277 1751 393; x_wconf 95' lang='lat' dir='ltr'><strong>  </strong></span> 
     </span>
    </p>
   </div>
   <div class='ocr_carea' id='block_1_6' title="bbox 52 300 1571 364">
    <p class='ocr_par' dir='ltr' id='par_1_6' title="bbox 52 287 1710 364">
     <span class='ocr_line' id='line_1_6' title="bbox 52 300 1571 364; baseline 0.016 -62"><span class='ocrx_word' id='word_1_25' title='bbox 52 300 54 302; x_wconf 78' lang='grc'>,</span> <span class='ocrx_word' id='word_1_26' title='bbox 85 306 88 308; x_wconf 91' lang='grc'>.</span> <span class='ocrx_word' id='word_1_27' title='bbox 137 311 347 364; x_wconf 76' lang='lat' dir='ltr'><strong>quotquot</strong></span> <span class='ocrx_word' id='word_1_28' title='bbox 380 318 504 351; x_wconf 86' lang='lat' dir='ltr'><strong>nunc</strong></span> <span class='ocrx_word' id='word_1_29' title='bbox 531 306 751 360; x_wconf 85' lang='lat' dir='ltr'><strong>habemus,</strong></span> <span class='ocrx_word' id='word_1_30' title='bbox 782 320 992 363; x_wconf 82' lang='lat' dir='ltr'><strong>nusquam</strong></span> <span class='ocrx_word' id='word_1_31' title='bbox 1022 311 1174 352; x_wconf 83' lang='lat' dir='ltr'><strong>exstat.</strong></span> <span class='ocrx_word' id='word_1_32' title='bbox 1182 308 1217 364; x_wconf 84' lang='lat'><strong>¹)</strong></span> <span class='ocrx_word' id='word_1_33' title='bbox 1276 307 1321 351; x_wconf 83' lang='lat' dir='ltr'><strong>Is</strong></span> <span class='ocrx_word' id='word_1_34' title='bbox 1350 307 1485 362; x_wconf 64' lang='lat' dir='ltr'><strong>igitur</strong></span> <span class='ocrx_word' id='word_1_35' title='bbox 1503 306 1571 360; x_wconf 66' lang='lat' dir='ltr'><strong>ds</strong></span> 
     </span>
    </p>
   </div>
   <div class='ocr_carea' id='block_1_7' title="bbox 137 363 1751 565">
    <p class='ocr_par' dir='ltr' id='par_1_7' title="bbox 137 357 1751 573">
     <span class='ocr_line' id='line_1_7' title="bbox 137 363 1751 441; baseline -0.001 -22"><span class='ocrx_word' id='word_1_36' title='bbox 137 374 314 419; x_wconf 86' lang='lat' dir='ltr'><strong>Tacitea</strong></span> <span class='ocrx_word' id='word_1_37' title='bbox 342 375 501 430; x_wconf 80' lang='lat' dir='ltr'><strong>dialogi</strong></span> <span class='ocrx_word' id='word_1_38' title='bbox 530 375 694 429; x_wconf 88' lang='lat' dir='ltr'><strong>origine</strong></span> <span class='ocrx_word' id='word_1_39' title='bbox 724 375 829 418; x_wconf 90' lang='lat' dir='ltr'><strong>nihil</strong></span> <span class='ocrx_word' id='word_1_40' title='bbox 858 374 1084 418; x_wconf 81' lang='lat' dir='ltr'><strong>dubitavit.</strong></span> <span class='ocrx_word' id='word_1_41' title='bbox 1145 375 1315 418; x_wconf 68' lang='lat' dir='ltr'><strong>Primus</strong></span> <span class='ocrx_word' id='word_1_42' title='bbox 1349 370 1568 434; x_wconf 46' lang='lat' dir='ltr'><strong>veromlyii</strong></span> <span class='ocrx_word' id='word_1_43' title='bbox 1601 363 1622 397; x_wconf 68' lang='lat' dir='ltr'><strong>ss‘</strong></span> <span class='ocrx_word' id='word_1_44' title='bbox 1640 363 1704 439; x_wconf 86' lang='lat' dir='ltr'><strong>Ji</strong></span> <span class='ocrx_word' id='word_1_45' title='bbox 1719 434 1721 441; x_wconf 22' lang='lat' dir='ltr'><em>A</em></span> <span class='ocrx_word' id='word_1_46' title='bbox 1734 419 1751 438; x_wconf 37' lang='lat' dir='ltr'><strong><em>k</em></strong></span> 
     </span>
     <span class='ocr_line' id='line_1_8' title="bbox 139 441 1751 505; baseline 0 -19"><span class='ocrx_word' id='word_1_47' title='bbox 139 441 365 487; x_wconf 85' lang='lat' dir='ltr'><strong>observato</strong></span> <span class='ocrx_word' id='word_1_48' title='bbox 404 442 565 497; x_wconf 82' lang='lat' dir='ltr'><strong>dialogi</strong></span> <span class='ocrx_word' id='word_1_49' title='bbox 600 454 794 487; x_wconf 82' lang='lat' dir='ltr'><strong>sermone</strong></span> <span class='ocrx_word' id='word_1_50' title='bbox 821 441 876 486; x_wconf 88' lang='lat' dir='ltr'><strong>ab</strong></span> <span class='ocrx_word' id='word_1_51' title='bbox 904 441 1183 486; x_wconf 82' lang='lat' dir='ltr'><strong>historiarum</strong></span> <span class='ocrx_word' id='word_1_52' title='bbox 1212 442 1332 505; x_wconf 88' lang='lat' dir='ltr'><strong>libris</strong></span> <span class='ocrx_word' id='word_1_53' title='bbox 1361 445 1406 486; x_wconf 82' lang='lat' dir='ltr'><strong>et</strong></span> <span class='ocrx_word' id='word_1_54' title='bbox 1433 453 1567 505; x_wconf 82' lang='lat' dir='ltr'><strong>anna-</strong></span> <span class='ocrx_word' id='word_1_55' title='bbox 1620 452 1637 470; x_wconf 74' lang='lat'><strong>··</strong></span> <span class='ocrx_word' id='word_1_56' title='bbox 1659 458 1662 459; x_wconf 42' lang='lat'><em>⁷</em></span> <span class='ocrx_word' id='word_1_57' title='bbox 1696 442 1751 459; x_wconf 70' lang='lat'><strong><em>³</em></strong></span> 
     </span>
     <span class='ocr_line' id='line_1_9' title="bbox 138 510 1640 565; baseline -0.001 -12"><span class='ocrx_word' id='word_1_58' title='bbox 138 511 243 553; x_wconf 88' lang='lat' dir='ltr'><strong>lium</strong></span> <span class='ocrx_word' id='word_1_59' title='bbox 273 511 443 552; x_wconf 92' lang='lat' dir='ltr'><strong>omnino</strong></span> <span class='ocrx_word' id='word_1_60' title='bbox 478 510 616 552; x_wconf 87' lang='lat' dir='ltr'><strong>alieno</strong></span> <span class='ocrx_word' id='word_1_61' title='bbox 646 510 928 563; x_wconf 87' lang='lat' dir='ltr'><strong>suspicionem</strong></span> <span class='ocrx_word' id='word_1_62' title='bbox 959 511 1160 553; x_wconf 84' lang='lat' dir='ltr'><strong>excitavit</strong></span> <span class='ocrx_word' id='word_1_63' title='bbox 1190 514 1340 553; x_wconf 87' lang='lat' dir='ltr'><strong>contra</strong></span> <span class='ocrx_word' id='word_1_64' title='bbox 1369 510 1567 565; x_wconf 84' lang='lat' dir='ltr'><strong>Tacitum</strong></span> <span class='ocrx_word' id='word_1_65' title='bbox 1633 517 1640 521; x_wconf 78' lang='grc'><em>’</em></span> 
     </span>
    </p>
   </div>
   <div class='ocr_carea' id='block_1_8' title="bbox 140 574 1568 630">
    <p class='ocr_par' dir='ltr' id='par_1_8' title="bbox 140 574 1568 630">
     <span class='ocr_line' id='line_1_10' title="bbox 140 574 1568 630; baseline -0.001 -10"><span class='ocrx_word' id='word_1_66' title='bbox 140 581 373 628; x_wconf 82' lang='lat' dir='ltr'><strong>auctorem,</strong></span> <span class='ocrx_word' id='word_1_67' title='bbox 402 577 564 620; x_wconf 80' lang='lat' dir='ltr'><strong>Beatus</strong></span> <span class='ocrx_word' id='word_1_68' title='bbox 592 576 823 619; x_wconf 84' lang='lat' dir='ltr'><strong>Rhenanus</strong></span> <span class='ocrx_word' id='word_1_69' title='bbox 851 575 934 619; x_wconf 88' lang='lat' dir='ltr'><strong>fuit</strong></span> <span class='ocrx_word' id='word_1_70' title='bbox 965 576 1232 630; x_wconf 84' lang='lat' dir='ltr'><strong>Alsatiensis,</strong></span> <span class='ocrx_word' id='word_1_71' title='bbox 1263 574 1443 620; x_wconf 80' lang='lat' dir='ltr'><strong>Lutheri</strong></span> <span class='ocrx_word' id='word_1_72' title='bbox 1479 575 1568 619; x_wconf 84' lang='lat' dir='ltr'><strong>fere</strong></span> 
     </span>
    </p>
   </div>
   <div class='ocr_carea' id='block_1_9' title="bbox 1698 393 1751 430">
    <p class='ocr_par' dir='ltr' id='par_1_9' title="bbox 1698 393 1751 430">
     <span class='ocr_line' id='line_1_11' title="bbox 1698 393 1751 430; baseline 0 2337"><span class='ocrx_word' id='word_1_73' title='bbox 1698 393 1751 430; x_wconf 95' lang='lat' dir='ltr'><strong> </strong></span> 
     </span>
    </p>
   </div>
   <div class='ocr_carea' id='block_1_10' title="bbox 141 621 1749 699">
    <p class='ocr_par' dir='ltr' id='par_1_10' title="bbox 141 621 1749 699">
     <span class='ocr_line' id='line_1_12' title="bbox 141 621 1749 699; baseline -0.005 -12"><span class='ocrx_word' id='word_1_74' title='bbox 141 645 344 699; x_wconf 87' lang='lat' dir='ltr'><strong>aequalis.</strong></span> <span class='ocrx_word' id='word_1_75' title='bbox 403 645 551 698; x_wconf 86' lang='lat' dir='ltr'><strong>Neque</strong></span> <span class='ocrx_word' id='word_1_76' title='bbox 587 648 731 686; x_wconf 90' lang='lat' dir='ltr'><strong>tamen</strong></span> <span class='ocrx_word' id='word_1_77' title='bbox 766 644 852 685; x_wconf 89' lang='lat' dir='ltr'><strong>iam</strong></span> <span class='ocrx_word' id='word_1_78' title='bbox 884 648 1032 696; x_wconf 87' lang='lat' dir='ltr'><strong>aperte</strong></span> <span class='ocrx_word' id='word_1_79' title='bbox 1069 649 1115 686; x_wconf 86' lang='lat' dir='ltr'><strong>et</strong></span> <span class='ocrx_word' id='word_1_80' title='bbox 1149 645 1313 686; x_wconf 90' lang='lat' dir='ltr'><strong>directo</strong></span> <span class='ocrx_word' id='word_1_81' title='bbox 1342 654 1473 686; x_wconf 86' lang='lat' dir='ltr'><strong>ausus</strong></span> <span class='ocrx_word' id='word_1_82' title='bbox 1501 646 1570 688; x_wconf 82' lang='lat' dir='ltr'><strong>est</strong></span> <span class='ocrx_word' id='word_1_83' title='bbox 1634 621 1659 668; x_wconf 43' lang='lat' dir='ltr'>s</span> <span class='ocrx_word' id='word_1_84' title='bbox 1684 638 1688 650; x_wconf 70' lang='lat'>³</span> <span class='ocrx_word' id='word_1_85' title='bbox 1709 622 1749 677; x_wconf 48' lang='lat'><strong>³2²</strong></span> 
     </span>
    </p>
   </div>
   <div class='ocr_carea' id='block_1_11' title="bbox 139 709 1572 764">
    <p class='ocr_par' dir='ltr' id='par_1_11' title="bbox 139 709 1572 764">
     <span class='ocr_line' id='line_1_13' title="bbox 139 709 1572 764; baseline -0.001 -10"><span class='ocrx_word' id='word_1_86' title='bbox 139 710 328 754; x_wconf 90' lang='lat' dir='ltr'><strong>libellum</strong></span> <span class='ocrx_word' id='word_1_87' title='bbox 349 709 497 753; x_wconf 87' lang='lat' dir='ltr'><strong>Tacito</strong></span> <span class='ocrx_word' id='word_1_88' title='bbox 517 709 775 761; x_wconf 87' lang='lat' dir='ltr'><strong>abiudicare‚</strong></span> <span class='ocrx_word' id='word_1_89' title='bbox 807 710 884 753; x_wconf 93' lang='lat' dir='ltr'><strong>sed</strong></span> <span class='ocrx_word' id='word_1_90' title='bbox 905 714 1029 753; x_wconf 90' lang='lat' dir='ltr'><strong>caute</strong></span> <span class='ocrx_word' id='word_1_91' title='bbox 1059 714 1103 753; x_wconf 88' lang='lat' dir='ltr'><strong>et</strong></span> <span class='ocrx_word' id='word_1_92' title='bbox 1133 711 1328 754; x_wconf 83' lang='lat' dir='ltr'><strong>modeste</strong></span> <span class='ocrx_word' id='word_1_93' title='bbox 1359 711 1572 764; x_wconf 85' lang='lat' dir='ltr'><strong>monstrat</strong></span> 
     </span>
    </p>
   </div>
   <div class='ocr_carea' id='block_1_12' title="bbox 139 754 1749 833">
    <p class='ocr_par' dir='ltr' id='par_1_12' title="bbox 139 754 1749 833">
     <span class='ocr_line' id='line_1_14' title="bbox 139 754 1749 833; baseline -0.002 -12"><span class='ocrx_word' id='word_1_94' title='bbox 139 779 244 833; x_wconf 89' lang='lat' dir='ltr'><strong>quid</strong></span> <span class='ocrx_word' id='word_1_95' title='bbox 272 779 449 821; x_wconf 87' lang='lat' dir='ltr'><strong>sentiat:</strong></span> <span class='ocrx_word' id='word_1_96' title='bbox 489 778 638 827; x_wconf 74' lang='lat' dir='ltr'><strong>„burm</strong></span> <span class='ocrx_word' id='word_1_97' title='bbox 667 778 943 832; x_wconf 78' lang='lat' dir='ltr'><strong>dialoyum,“</strong></span> <span class='ocrx_word' id='word_1_98' title='bbox 970 777 1120 830; x_wconf 86' lang='lat' dir='ltr'><strong>inquit,</strong></span> <span class='ocrx_word' id='word_1_99' title='bbox 1159 779 1270 826; x_wconf 75' lang='lat' dir='ltr'><strong>„vix</strong></span> <span class='ocrx_word' id='word_1_100' title='bbox 1306 772 1575 831; x_wconf 15' lang='lat' dir='ltr'><strong>crediderim,</strong></span> <span class='ocrx_word' id='word_1_101' title='bbox 1634 778 1642 782; x_wconf 69' lang='grc'><strong>“</strong></span> <span class='ocrx_word' id='word_1_102' title='bbox 1687 754 1714 768; x_wconf 30' lang='grc' dir='ltr'>Ἰ</span> <span class='ocrx_word' id='word_1_103' title='bbox 1741 757 1749 782; x_wconf 59' lang='lat'>²</span> 
     </span>
    </p>
   </div>
   <div class='ocr_carea' id='block_1_13' title="bbox 141 843 1570 895">
    <p class='ocr_par' dir='ltr' id='par_1_13' title="bbox 141 843 1570 895">
     <span class='ocr_line' id='line_1_15' title="bbox 141 843 1570 895; baseline -0.001 -7"><span class='ocrx_word' id='word_1_104' title='bbox 141 859 237 888; x_wconf 64' lang='lat' dir='ltr'><strong>esse</strong></span> <span class='ocrx_word' id='word_1_105' title='bbox 279 845 469 887; x_wconf 73' lang='lat' dir='ltr'><strong>Taciti“.</strong></span> <span class='ocrx_word' id='word_1_106' title='bbox 545 844 748 895; x_wconf 87' lang='lat' dir='ltr'><strong>Quamvis</strong></span> <span class='ocrx_word' id='word_1_107' title='bbox 795 844 868 887; x_wconf 91' lang='lat' dir='ltr'><strong>illo</strong></span> <span class='ocrx_word' id='word_1_108' title='bbox 911 845 1023 894; x_wconf 75' lang='lat' dir='ltr'><strong>„er</strong></span> <span class='ocrx_word' id='word_1_109' title='bbox 1065 843 1361 886; x_wconf 73' lang='lat' dir='ltr'><strong>crediderim“</strong></span> <span class='ocrx_word' id='word_1_110' title='bbox 1406 846 1570 886; x_wconf 90' lang='lat' dir='ltr'><strong>certum</strong></span> 
     </span>
    </p>
   </div>
   <div class='ocr_carea' id='block_1_14' title="bbox 140 904 1637 1032">
    <p class='ocr_par' dir='ltr' id='par_1_14' title="bbox 140 904 1721 1049">
     <span class='ocr_line' id='line_1_16' title="bbox 140 904 1637 965; baseline 0 -10"><span class='ocrx_word' id='word_1_111' title='bbox 140 912 344 955; x_wconf 89' lang='lat' dir='ltr'><strong>iudicium</strong></span> <span class='ocrx_word' id='word_1_112' title='bbox 374 924 457 954; x_wconf 90' lang='lat' dir='ltr'><strong>non</strong></span> <span class='ocrx_word' id='word_1_113' title='bbox 487 911 813 965; x_wconf 85' lang='lat' dir='ltr'><strong>pronunciatum</strong></span> <span class='ocrx_word' id='word_1_114' title='bbox 843 911 911 963; x_wconf 89' lang='lat' dir='ltr'><strong>sit,</strong></span> <span class='ocrx_word' id='word_1_115' title='bbox 944 915 1087 954; x_wconf 88' lang='lat' dir='ltr'><strong>tamen</strong></span> <span class='ocrx_word' id='word_1_116' title='bbox 1108 914 1232 954; x_wconf 89' lang='lat' dir='ltr'><strong>vetus</strong></span> <span class='ocrx_word' id='word_1_117' title='bbox 1251 910 1428 953; x_wconf 85' lang='lat' dir='ltr'><strong>traditio</strong></span> <span class='ocrx_word' id='word_1_118' title='bbox 1449 904 1582 953; x_wconf 32' lang='lat' dir='ltr'><strong>lab&amp;</strong></span> <span class='ocrx_word' id='word_1_119' title='bbox 1634 910 1637 911; x_wconf 46' lang='lat'><em>⁷</em></span> 
     </span>
     <span class='ocr_line' id='line_1_17' title="bbox 141 977 1568 1032; baseline -0.001 -10"><span class='ocrx_word' id='word_1_120' title='bbox 141 979 295 1023; x_wconf 88' lang='lat' dir='ltr'><strong>factari</strong></span> <span class='ocrx_word' id='word_1_121' title='bbox 332 982 484 1032; x_wconf 89' lang='lat' dir='ltr'><strong>coepta</strong></span> <span class='ocrx_word' id='word_1_122' title='bbox 520 981 598 1020; x_wconf 90' lang='lat' dir='ltr'><strong>est.</strong></span> <span class='ocrx_word' id='word_1_123' title='bbox 661 978 719 1021; x_wconf 89' lang='lat' dir='ltr'><strong>Et</strong></span> <span class='ocrx_word' id='word_1_124' title='bbox 760 990 856 1021; x_wconf 92' lang='lat' dir='ltr'><strong>cum</strong></span> <span class='ocrx_word' id='word_1_125' title='bbox 893 978 1035 1031; x_wconf 85' lang='lat' dir='ltr'><strong>paullo</strong></span> <span class='ocrx_word' id='word_1_126' title='bbox 1071 982 1170 1031; x_wconf 91' lang='lat' dir='ltr'><strong>post</strong></span> <span class='ocrx_word' id='word_1_127' title='bbox 1209 978 1274 1020; x_wconf 90' lang='lat' dir='ltr'><strong>vir</strong></span> <span class='ocrx_word' id='word_1_128' title='bbox 1303 989 1494 1021; x_wconf 88' lang='lat' dir='ltr'><strong>summae</strong></span> <span class='ocrx_word' id='word_1_129' title='bbox 1523 977 1568 1020; x_wconf 91' lang='lat' dir='ltr'><strong>in</strong></span> 
     </span>
    </p>
   </div>
   <div class='ocr_carea' id='block_1_15' title="bbox 137 1042 1634 2033">
    <p class='ocr_par' dir='ltr' id='par_1_15' title="bbox 137 1042 1634 1967">
     <span class='ocr_line' id='line_1_18' title="bbox 139 1042 1567 1099; baseline -0.001 -10"><span class='ocrx_word' id='word_1_130' title='bbox 139 1047 298 1089; x_wconf 91' lang='lat' dir='ltr'><strong>litteris</strong></span> <span class='ocrx_word' id='word_1_131' title='bbox 335 1045 618 1096; x_wconf 84' lang='lat' dir='ltr'><strong>auctoritatis,</strong></span> <span class='ocrx_word' id='word_1_132' title='bbox 655 1045 927 1088; x_wconf 88' lang='lat' dir='ltr'><strong>doctissimus</strong></span> <span class='ocrx_word' id='word_1_133' title='bbox 966 1044 1037 1087; x_wconf 90' lang='lat' dir='ltr'><strong>ille</strong></span> <span class='ocrx_word' id='word_1_134' title='bbox 1074 1049 1118 1087; x_wconf 88' lang='lat' dir='ltr'><strong>et</strong></span> <span class='ocrx_word' id='word_1_135' title='bbox 1154 1045 1398 1099; x_wconf 87' lang='lat' dir='ltr'><strong>ingeniosus</strong></span> <span class='ocrx_word' id='word_1_136' title='bbox 1429 1042 1567 1087; x_wconf 84' lang='lat' dir='ltr'><strong>Taciti</strong></span> 
     </span>
     <span class='ocr_line' id='line_1_19' title="bbox 142 1112 1598 1168; baseline -0.002 -11"><span class='ocrx_word' id='word_1_137' title='bbox 142 1113 420 1163; x_wconf 86' lang='lat' dir='ltr'><strong>existimator,</strong></span> <span class='ocrx_word' id='word_1_138' title='bbox 464 1113 616 1155; x_wconf 86' lang='lat' dir='ltr'><strong>Justus</strong></span> <span class='ocrx_word' id='word_1_139' title='bbox 660 1112 844 1165; x_wconf 88' lang='lat' dir='ltr'><strong>Lipsius,</strong></span> <span class='ocrx_word' id='word_1_140' title='bbox 895 1113 1113 1155; x_wconf 85' lang='lat' dir='ltr'><strong>Taciteam</strong></span> <span class='ocrx_word' id='word_1_141' title='bbox 1158 1112 1317 1166; x_wconf 85' lang='lat' dir='ltr'><strong>dialogi</strong></span> <span class='ocrx_word' id='word_1_142' title='bbox 1359 1112 1566 1165; x_wconf 84' lang='lat' dir='ltr'><strong>originem</strong></span> <span class='ocrx_word' id='word_1_143' title='bbox 1595 1165 1598 1168; x_wconf 25' lang='grc' dir='ltr'><strong><em>Ι</em></strong></span> 
     </span>
     <span class='ocr_line' id='line_1_20' title="bbox 141 1177 1569 1234; baseline -0.001 -12"><span class='ocrx_word' id='word_1_144' title='bbox 141 1177 268 1234; x_wconf 78' lang='lat' dir='ltr'><strong>plane</strong></span> <span class='ocrx_word' id='word_1_145' title='bbox 302 1179 546 1233; x_wconf 87' lang='lat' dir='ltr'><strong>negavisset</strong></span> <span class='ocrx_word' id='word_1_146' title='bbox 581 1182 626 1220; x_wconf 90' lang='lat' dir='ltr'><strong>et</strong></span> <span class='ocrx_word' id='word_1_147' title='bbox 662 1179 722 1221; x_wconf 89' lang='lat' dir='ltr'><strong>sic</strong></span> <span class='ocrx_word' id='word_1_148' title='bbox 758 1191 912 1221; x_wconf 87' lang='lat' dir='ltr'><strong>novam</strong></span> <span class='ocrx_word' id='word_1_149' title='bbox 949 1180 1003 1221; x_wconf 90' lang='lat' dir='ltr'><strong>de</strong></span> <span class='ocrx_word' id='word_1_150' title='bbox 1042 1180 1115 1221; x_wconf 92' lang='lat' dir='ltr'><strong>illo</strong></span> <span class='ocrx_word' id='word_1_151' title='bbox 1145 1180 1403 1222; x_wconf 87' lang='lat' dir='ltr'><strong>sententiam</strong></span> <span class='ocrx_word' id='word_1_152' title='bbox 1433 1179 1569 1221; x_wconf 89' lang='lat' dir='ltr'><strong>intro-</strong></span> 
     </span>
     <span class='ocr_line' id='line_1_21' title="bbox 143 1246 1570 1298; baseline 0.001 -9"><span class='ocrx_word' id='word_1_153' title='bbox 143 1247 348 1296; x_wconf 86' lang='lat' dir='ltr'><strong>duxisset,</strong></span> <span class='ocrx_word' id='word_1_154' title='bbox 384 1246 563 1298; x_wconf 88' lang='lat' dir='ltr'><strong>grandis</strong></span> <span class='ocrx_word' id='word_1_155' title='bbox 597 1246 784 1287; x_wconf 84' lang='lat' dir='ltr'><strong>virorum</strong></span> <span class='ocrx_word' id='word_1_156' title='bbox 822 1247 1047 1289; x_wconf 87' lang='lat' dir='ltr'><strong>doctorum</strong></span> <span class='ocrx_word' id='word_1_157' title='bbox 1084 1259 1286 1290; x_wconf 89' lang='lat' dir='ltr'><strong>numerus</strong></span> <span class='ocrx_word' id='word_1_158' title='bbox 1320 1247 1440 1289; x_wconf 92' lang='lat' dir='ltr'><strong>illum</strong></span> <span class='ocrx_word' id='word_1_159' title='bbox 1469 1259 1570 1290; x_wconf 87' lang='lat' dir='ltr'><strong>auc-</strong></span> 
     </span>
     <span class='ocr_line' id='line_1_22' title="bbox 142 1308 1569 1367; baseline 0 -11"><span class='ocrx_word' id='word_1_160' title='bbox 142 1318 278 1356; x_wconf 86' lang='lat' dir='ltr'><strong>torem</strong></span> <span class='ocrx_word' id='word_1_161' title='bbox 326 1317 371 1356; x_wconf 91' lang='lat' dir='ltr'><strong>et</strong></span> <span class='ocrx_word' id='word_1_162' title='bbox 420 1313 572 1355; x_wconf 90' lang='lat' dir='ltr'><strong>ducem</strong></span> <span class='ocrx_word' id='word_1_163' title='bbox 615 1316 788 1356; x_wconf 89' lang='lat' dir='ltr'><strong>secutus</strong></span> <span class='ocrx_word' id='word_1_164' title='bbox 836 1325 912 1367; x_wconf 90' lang='lat' dir='ltr'><strong>per</strong></span> <span class='ocrx_word' id='word_1_165' title='bbox 949 1317 1016 1356; x_wconf 90' lang='lat' dir='ltr'><strong>ter</strong></span> <span class='ocrx_word' id='word_1_166' title='bbox 1058 1317 1231 1361; x_wconf 89' lang='lat' dir='ltr'><strong>centum</strong></span> <span class='ocrx_word' id='word_1_167' title='bbox 1259 1325 1391 1356; x_wconf 88' lang='lat' dir='ltr'><strong>anuos</strong></span> <span class='ocrx_word' id='word_1_168' title='bbox 1421 1308 1569 1357; x_wconf 82' lang='lat' dir='ltr'><strong>Tacito</strong></span> 
     </span>
     <span class='ocr_line' id='line_1_23' title="bbox 142 1379 1573 1437; baseline 0 -15"><span class='ocrx_word' id='word_1_169' title='bbox 142 1381 358 1433; x_wconf 85' lang='lat' dir='ltr'><strong>dialogum</strong></span> <span class='ocrx_word' id='word_1_170' title='bbox 389 1379 576 1421; x_wconf 86' lang='lat' dir='ltr'><strong>adimere</strong></span> <span class='ocrx_word' id='word_1_171' title='bbox 607 1379 820 1430; x_wconf 89' lang='lat' dir='ltr'><strong>studebat,</strong></span> <span class='ocrx_word' id='word_1_172' title='bbox 851 1380 925 1422; x_wconf 89' lang='lat' dir='ltr'><strong>alii</strong></span> <span class='ocrx_word' id='word_1_173' title='bbox 955 1392 1050 1422; x_wconf 90' lang='lat' dir='ltr'><strong>cum</strong></span> <span class='ocrx_word' id='word_1_174' title='bbox 1071 1379 1318 1433; x_wconf 90' lang='lat' dir='ltr'><strong>quaestione</strong></span> <span class='ocrx_word' id='word_1_175' title='bbox 1345 1380 1573 1437; x_wconf 83' lang='lat' dir='ltr'><strong>diligenter</strong></span> 
     </span>
     <span class='ocr_line' id='line_1_24' title="bbox 142 1446 1571 1501; baseline -0.001 -11"><span class='ocrx_word' id='word_1_176' title='bbox 142 1458 354 1501; x_wconf 86' lang='lat' dir='ltr'><strong>perpensa</strong></span> <span class='ocrx_word' id='word_1_177' title='bbox 397 1446 453 1488; x_wconf 88' lang='lat' dir='ltr'><strong>ad</strong></span> <span class='ocrx_word' id='word_1_178' title='bbox 496 1457 590 1488; x_wconf 85' lang='lat' dir='ltr'><strong>eam</strong></span> <span class='ocrx_word' id='word_1_179' title='bbox 636 1446 772 1499; x_wconf 89' lang='lat' dir='ltr'><strong>ipsam</strong></span> <span class='ocrx_word' id='word_1_180' title='bbox 821 1447 1077 1489; x_wconf 90' lang='lat' dir='ltr'><strong>sententiam</strong></span> <span class='ocrx_word' id='word_1_181' title='bbox 1120 1447 1449 1498; x_wconf 89' lang='lat' dir='ltr'><strong>adducerentur,</strong></span> <span class='ocrx_word' id='word_1_182' title='bbox 1498 1446 1571 1490; x_wconf 86' lang='lat' dir='ltr'><strong>alii</strong></span> 
     </span>
     <span class='ocr_line' id='line_1_25' title="bbox 143 1513 1570 1566; baseline 0 -10"><span class='ocrx_word' id='word_1_183' title='bbox 143 1514 284 1556; x_wconf 91' lang='lat' dir='ltr'><strong>minus</strong></span> <span class='ocrx_word' id='word_1_184' title='bbox 304 1513 562 1554; x_wconf 89' lang='lat' dir='ltr'><strong>considerati</strong></span> <span class='ocrx_word' id='word_1_185' title='bbox 582 1524 677 1554; x_wconf 90' lang='lat' dir='ltr'><strong>cum</strong></span> <span class='ocrx_word' id='word_1_186' title='bbox 707 1513 868 1566; x_wconf 88' lang='lat' dir='ltr'><strong>aliquid</strong></span> <span class='ocrx_word' id='word_1_187' title='bbox 889 1514 987 1555; x_wconf 84' lang='lat' dir='ltr'><strong>novi</strong></span> <span class='ocrx_word' id='word_1_188' title='bbox 1007 1513 1327 1566; x_wconf 87' lang='lat' dir='ltr'><strong>deprehendere</strong></span> <span class='ocrx_word' id='word_1_189' title='bbox 1358 1517 1403 1555; x_wconf 91' lang='lat' dir='ltr'><strong>et</strong></span> <span class='ocrx_word' id='word_1_190' title='bbox 1432 1514 1570 1557; x_wconf 88' lang='lat' dir='ltr'><strong>scien-</strong></span> 
     </span>
     <span class='ocr_line' id='line_1_26' title="bbox 142 1579 1568 1634; baseline -0.001 -9"><span class='ocrx_word' id='word_1_191' title='bbox 142 1582 228 1625; x_wconf 88' lang='lat' dir='ltr'><strong>tiae</strong></span> <span class='ocrx_word' id='word_1_192' title='bbox 262 1580 422 1624; x_wconf 87' lang='lat' dir='ltr'><strong>addere</strong></span> <span class='ocrx_word' id='word_1_193' title='bbox 456 1579 745 1634; x_wconf 90' lang='lat' dir='ltr'><strong>opinarentur,</strong></span> <span class='ocrx_word' id='word_1_194' title='bbox 783 1579 856 1623; x_wconf 88' lang='lat' dir='ltr'><strong>alii</strong></span> <span class='ocrx_word' id='word_1_195' title='bbox 893 1593 988 1624; x_wconf 89' lang='lat' dir='ltr'><strong>cum</strong></span> <span class='ocrx_word' id='word_1_196' title='bbox 1028 1593 1201 1624; x_wconf 87' lang='lat' dir='ltr'><strong>causam</strong></span> <span class='ocrx_word' id='word_1_197' title='bbox 1231 1584 1276 1624; x_wconf 91' lang='lat' dir='ltr'><strong>et</strong></span> <span class='ocrx_word' id='word_1_198' title='bbox 1305 1581 1568 1624; x_wconf 86' lang='lat' dir='ltr'><strong>occasionem</strong></span> 
     </span>
     <span class='ocr_line' id='line_1_27' title="bbox 142 1646 1574 1699; baseline 0 -9"><span class='ocrx_word' id='word_1_199' title='bbox 142 1649 290 1690; x_wconf 89' lang='lat' dir='ltr'><strong>datam</strong></span> <span class='ocrx_word' id='word_1_200' title='bbox 327 1651 543 1699; x_wconf 87' lang='lat' dir='ltr'><strong>putarent,</strong></span> <span class='ocrx_word' id='word_1_201' title='bbox 581 1651 630 1687; x_wconf 88' lang='lat' dir='ltr'><strong>ut</strong></span> <span class='ocrx_word' id='word_1_202' title='bbox 669 1646 761 1688; x_wconf 90' lang='lat' dir='ltr'><strong>fieri</strong></span> <span class='ocrx_word' id='word_1_203' title='bbox 797 1647 918 1697; x_wconf 91' lang='lat' dir='ltr'><strong>solet,</strong></span> <span class='ocrx_word' id='word_1_204' title='bbox 935 1668 942 1678; x_wconf 92' lang='lat'><em>·</em></span> <span class='ocrx_word' id='word_1_205' title='bbox 959 1649 1121 1689; x_wconf 86' lang='lat' dir='ltr'><strong>tradita</strong></span> <span class='ocrx_word' id='word_1_206' title='bbox 1155 1651 1199 1689; x_wconf 88' lang='lat' dir='ltr'><strong>et</strong></span> <span class='ocrx_word' id='word_1_207' title='bbox 1241 1652 1387 1689; x_wconf 86' lang='lat' dir='ltr'><strong>vetera</strong></span> <span class='ocrx_word' id='word_1_208' title='bbox 1416 1648 1574 1690; x_wconf 84' lang='lat' dir='ltr'><strong>iudicia</strong></span> 
     </span>
     <span class='ocr_line' id='line_1_28' title="bbox 139 1713 1634 1769; baseline -0.002 -11"><span class='ocrx_word' id='word_1_209' title='bbox 139 1715 434 1769; x_wconf 84' lang='lat' dir='ltr'><strong>impugnandi.</strong></span> <span class='ocrx_word' id='word_1_210' title='bbox 495 1714 611 1764; x_wconf 83' lang='lat' dir='ltr'><strong>Quos</strong></span> <span class='ocrx_word' id='word_1_211' title='bbox 649 1727 795 1756; x_wconf 90' lang='lat' dir='ltr'><strong>omnes</strong></span> <span class='ocrx_word' id='word_1_212' title='bbox 825 1714 998 1768; x_wconf 90' lang='lat' dir='ltr'><strong>quidem</strong></span> <span class='ocrx_word' id='word_1_213' title='bbox 1028 1727 1112 1756; x_wconf 91' lang='lat' dir='ltr'><strong>non</strong></span> <span class='ocrx_word' id='word_1_214' title='bbox 1143 1714 1185 1756; x_wconf 91' lang='lat' dir='ltr'><strong>in</strong></span> <span class='ocrx_word' id='word_1_215' title='bbox 1215 1713 1358 1756; x_wconf 90' lang='lat' dir='ltr'><strong>animo</strong></span> <span class='ocrx_word' id='word_1_216' title='bbox 1388 1718 1456 1759; x_wconf 81' lang='lat' dir='ltr'><strong>est</strong></span> <span class='ocrx_word' id='word_1_217' title='bbox 1485 1715 1571 1757; x_wconf 91' lang='lat' dir='ltr'><strong>sin-</strong></span> <span class='ocrx_word' id='word_1_218' title='bbox 1630 1764 1634 1767; x_wconf 8' lang='grc' dir='ltr'>χ</span> 
     </span>
     <span class='ocr_line' id='line_1_29' title="bbox 138 1772 1572 1835; baseline 0 -12"><span class='ocrx_word' id='word_1_219' title='bbox 138 1782 260 1835; x_wconf 91' lang='lat' dir='ltr'><strong>gulos</strong></span> <span class='ocrx_word' id='word_1_220' title='bbox 296 1793 569 1831; x_wconf 89' lang='lat' dir='ltr'><strong>enumerare;</strong></span> <span class='ocrx_word' id='word_1_221' title='bbox 617 1782 693 1822; x_wconf 86' lang='lat' dir='ltr'><strong>sed</strong></span> <span class='ocrx_word' id='word_1_222' title='bbox 731 1782 983 1833; x_wconf 87' lang='lat' dir='ltr'><strong>praecipuos</strong></span> <span class='ocrx_word' id='word_1_223' title='bbox 1018 1794 1069 1823; x_wconf 85' lang='lat' dir='ltr'><strong>ex</strong></span> <span class='ocrx_word' id='word_1_224' title='bbox 1098 1772 1183 1823; x_wconf 83' lang='lat' dir='ltr'><strong>illis</strong></span> <span class='ocrx_word' id='word_1_225' title='bbox 1213 1793 1443 1834; x_wconf 87' lang='lat' dir='ltr'><strong>eorumque</strong></span> <span class='ocrx_word' id='word_1_226' title='bbox 1475 1793 1572 1827; x_wconf 87' lang='lat' dir='ltr'><strong>sen-</strong></span> 
     </span>
     <span class='ocr_line' id='line_1_30' title="bbox 137 1847 1573 1902; baseline -0.001 -10"><span class='ocrx_word' id='word_1_227' title='bbox 137 1849 298 1891; x_wconf 87' lang='lat' dir='ltr'><strong>tentias</strong></span> <span class='ocrx_word' id='word_1_228' title='bbox 326 1847 523 1901; x_wconf 86' lang='lat' dir='ltr'><strong>proprias</strong></span> <span class='ocrx_word' id='word_1_229' title='bbox 553 1848 750 1901; x_wconf 89' lang='lat' dir='ltr'><strong>cognosci</strong></span> <span class='ocrx_word' id='word_1_230' title='bbox 781 1860 888 1900; x_wconf 87' lang='lat' dir='ltr'><strong>opus</strong></span> <span class='ocrx_word' id='word_1_231' title='bbox 918 1851 985 1890; x_wconf 91' lang='lat' dir='ltr'><strong>est</strong></span> <span class='ocrx_word' id='word_1_232' title='bbox 1006 1848 1063 1889; x_wconf 89' lang='lat' dir='ltr'><strong>ad</strong></span> <span class='ocrx_word' id='word_1_233' title='bbox 1093 1851 1256 1889; x_wconf 88' lang='lat' dir='ltr'><strong>statum</strong></span> <span class='ocrx_word' id='word_1_234' title='bbox 1286 1847 1422 1890; x_wconf 89' lang='lat' dir='ltr'><strong>totius</strong></span> <span class='ocrx_word' id='word_1_235' title='bbox 1443 1860 1573 1902; x_wconf 87' lang='lat' dir='ltr'><strong>quae-</strong></span> 
     </span>
     <span class='ocr_line' id='line_1_31' title="bbox 140 1914 661 1967; baseline -0.006 -8"><span class='ocrx_word' id='word_1_236' title='bbox 140 1915 294 1959; x_wconf 87' lang='lat' dir='ltr'><strong>stionis</strong></span> <span class='ocrx_word' id='word_1_237' title='bbox 322 1914 661 1967; x_wconf 88' lang='lat' dir='ltr'><strong>intelligendum.</strong></span> 
     </span>
    </p>

    <p class='ocr_par' dir='ltr' id='par_1_16' title="bbox 251 1981 1568 2033">
     <span class='ocr_line' id='line_1_32' title="bbox 251 1981 1568 2033; baseline 0.002 -10"><span class='ocrx_word' id='word_1_238' title='bbox 251 1982 403 2024; x_wconf 83' lang='lat' dir='ltr'><strong>Justus</strong></span> <span class='ocrx_word' id='word_1_239' title='bbox 437 1981 608 2033; x_wconf 86' lang='lat' dir='ltr'><strong>Lipsius</strong></span> <span class='ocrx_word' id='word_1_240' title='bbox 646 1981 778 2033; x_wconf 89' lang='lat' dir='ltr'><strong>igitur</strong></span> <span class='ocrx_word' id='word_1_241' title='bbox 817 1994 1007 2024; x_wconf 90' lang='lat' dir='ltr'><strong>summus</strong></span> <span class='ocrx_word' id='word_1_242' title='bbox 1043 1981 1135 2023; x_wconf 89' lang='lat' dir='ltr'><strong>eius</strong></span> <span class='ocrx_word' id='word_1_243' title='bbox 1165 1994 1298 2024; x_wconf 89' lang='lat' dir='ltr'><strong>novae</strong></span> <span class='ocrx_word' id='word_1_244' title='bbox 1329 1982 1568 2025; x_wconf 88' lang='lat' dir='ltr'><strong>sententiae</strong></span> 
     </span>
    </p>
   </div>
   <div class='ocr_carea' id='block_1_16' title="bbox 135 2042 1647 2102">
    <p class='ocr_par' dir='ltr' id='par_1_17' title="bbox 135 2042 1647 2102">
     <span class='ocr_line' id='line_1_33' title="bbox 135 2042 1647 2102; baseline -0.001 -11"><span class='ocrx_word' id='word_1_245' title='bbox 135 2052 287 2091; x_wconf 86' lang='lat' dir='ltr'><strong>auctor</strong></span> <span class='ocrx_word' id='word_1_246' title='bbox 314 2046 536 2090; x_wconf 89' lang='lat' dir='ltr'><strong>habendus</strong></span> <span class='ocrx_word' id='word_1_247' title='bbox 566 2051 654 2090; x_wconf 88' lang='lat' dir='ltr'><strong>est:</strong></span> <span class='ocrx_word' id='word_1_248' title='bbox 694 2049 861 2097; x_wconf 75' lang='lat' dir='ltr'><strong>„stilus</strong></span> <span class='ocrx_word' id='word_1_249' title='bbox 890 2049 1054 2097; x_wconf 79' lang='lat' dir='ltr'><strong>enim‚“</strong></span> <span class='ocrx_word' id='word_1_250' title='bbox 1084 2047 1235 2102; x_wconf 88' lang='lat' dir='ltr'><strong>inquit,</strong></span> <span class='ocrx_word' id='word_1_251' title='bbox 1270 2056 1394 2098; x_wconf 63' lang='lat' dir='ltr'><strong>„non</strong></span> <span class='ocrx_word' id='word_1_252' title='bbox 1420 2042 1567 2102; x_wconf 71' lang='lat' dir='ltr'><strong>thllax</strong></span> <span class='ocrx_word' id='word_1_253' title='bbox 1593 2090 1599 2092; x_wconf 19' lang='grc' dir='ltr'><em>ν</em></span> <span class='ocrx_word' id='word_1_254' title='bbox 1643 2063 1647 2067; x_wconf 92' lang='grc'><em>·</em></span> 
     </span>
    </p>
   </div>
   <div class='ocr_carea' id='block_1_17' title="bbox 137 2115 1574 2439">
    <p class='ocr_par' dir='ltr' id='par_1_18' title="bbox 137 2115 1574 2439">
     <span class='ocr_line' id='line_1_34' title="bbox 137 2115 1568 2170; baseline 0 -12"><span class='ocrx_word' id='word_1_255' title='bbox 137 2118 182 2158; x_wconf 81' lang='lat' dir='ltr'><strong>in</strong></span> <span class='ocrx_word' id='word_1_256' title='bbox 212 2115 297 2157; x_wconf 77' lang='lat' dir='ltr'><strong>hoc</strong></span> <span class='ocrx_word' id='word_1_257' title='bbox 321 2127 481 2170; x_wconf 65' lang='lat' dir='ltr'><strong>genere</strong></span> <span class='ocrx_word' id='word_1_258' title='bbox 502 2121 817 2169; x_wconf 64' lang='lat' dir='ltr'><strong>argumentum,</strong></span> <span class='ocrx_word' id='word_1_259' title='bbox 848 2117 890 2157; x_wconf 85' lang='lat' dir='ltr'><strong>in</strong></span> <span class='ocrx_word' id='word_1_260' title='bbox 916 2121 1071 2157; x_wconf 81' lang='lat' dir='ltr'><strong>nostro</strong></span> <span class='ocrx_word' id='word_1_261' title='bbox 1102 2116 1151 2165; x_wconf 81' lang='lat' dir='ltr'><strong>(i.</strong></span> <span class='ocrx_word' id='word_1_262' title='bbox 1182 2128 1216 2157; x_wconf 86' lang='lat' dir='ltr'><strong>e.</strong></span> <span class='ocrx_word' id='word_1_263' title='bbox 1255 2115 1436 2168; x_wconf 78' lang='lat' dir='ltr'><strong>Tacito)</strong></span> <span class='ocrx_word' id='word_1_264' title='bbox 1468 2128 1568 2158; x_wconf 84' lang='lat' dir='ltr'><strong>con·</strong></span> 
     </span>
     <span class='ocr_line' id='line_1_35' title="bbox 137 2181 1569 2239; baseline 0.001 -15"><span class='ocrx_word' id='word_1_265' title='bbox 137 2184 319 2225; x_wconf 75' lang='lat' dir='ltr'><strong>strictus</strong></span> <span class='ocrx_word' id='word_1_266' title='bbox 365 2181 535 2238; x_wconf 75' lang='lat' dir='ltr'><strong>ubique,</strong></span> <span class='ocrx_word' id='word_1_267' title='bbox 582 2187 712 2231; x_wconf 77' lang='lat' dir='ltr'><strong>teres,</strong></span> <span class='ocrx_word' id='word_1_268' title='bbox 756 2187 912 2225; x_wconf 74' lang='lat' dir='ltr'><strong>acutus</strong></span> <span class='ocrx_word' id='word_1_269' title='bbox 960 2188 1002 2225; x_wconf 78' lang='lat' dir='ltr'><strong>et</strong></span> <span class='ocrx_word' id='word_1_270' title='bbox 1039 2194 1223 2224; x_wconf 72' lang='lat' dir='ltr'><strong>severus</strong></span> <span class='ocrx_word' id='word_1_271' title='bbox 1258 2183 1398 2238; x_wconf 53' lang='grc' dir='ltr'><strong>’παρις</strong></span> <span class='ocrx_word' id='word_1_272' title='bbox 1440 2196 1569 2239; x_wconf 80' lang='lat' dir='ltr'><strong>quam</strong></span> 
     </span>
     <span class='ocr_line' id='line_1_36' title="bbox 140 2249 1571 2304; baseline 0.001 -13"><span class='ocrx_word' id='word_1_273' title='bbox 140 2250 336 2304; x_wconf 66' lang='lat' dir='ltr'><strong>lepidus-‚-</strong></span> <span class='ocrx_word' id='word_1_274' title='bbox 375 2249 445 2290; x_wconf 73' lang='lat' dir='ltr'><strong>hic</strong></span> <span class='ocrx_word' id='word_1_275' title='bbox 484 2249 551 2298; x_wconf 72' lang='lat' dir='ltr'><strong>(in</strong></span> <span class='ocrx_word' id='word_1_276' title='bbox 595 2249 797 2304; x_wconf 61' lang='lat' dir='ltr'><strong>dialogo)</strong></span> <span class='ocrx_word' id='word_1_277' title='bbox 837 2251 980 2291; x_wconf 78' lang='lat' dir='ltr'><strong>omnia</strong></span> <span class='ocrx_word' id='word_1_278' title='bbox 1028 2255 1185 2291; x_wconf 78' lang='lat' dir='ltr'><strong>contra</strong></span> <span class='ocrx_word' id='word_1_279' title='bbox 1195 2263 1211 2297; x_wconf 90' lang='lat'><strong>,·</strong></span> <span class='ocrx_word' id='word_1_280' title='bbox 1259 2270 1315 2284; x_wconf 41' lang='grc' dir='ltr'><strong>-ὴ</strong></span> <span class='ocrx_word' id='word_1_281' title='bbox 1350 2255 1571 2304; x_wconf 73' lang='lat' dir='ltr'><strong>superest,</strong></span> 
     </span>
     <span class='ocr_line' id='line_1_37' title="bbox 139 2315 1573 2373; baseline 0 -14"><span class='ocrx_word' id='word_1_282' title='bbox 139 2322 188 2359; x_wconf 83' lang='lat' dir='ltr'><strong>ut</strong></span> <span class='ocrx_word' id='word_1_283' title='bbox 216 2316 270 2358; x_wconf 83' lang='lat' dir='ltr'><strong>de</strong></span> <span class='ocrx_word' id='word_1_284' title='bbox 299 2317 523 2370; x_wconf 75' lang='lat' dir='ltr'><strong>scriptore</strong></span> <span class='ocrx_word' id='word_1_285' title='bbox 560 2315 686 2357; x_wconf 75' lang='lat' dir='ltr'><strong>huin-5·</strong></span> <span class='ocrx_word' id='word_1_286' title='bbox 716 2316 816 2358; x_wconf 75' lang='lat' dir='ltr'><strong>libri</strong></span> <span class='ocrx_word' id='word_1_287' title='bbox 846 2316 981 2358; x_wconf 84' lang='lat' dir='ltr'><strong>verbo</strong></span> <span class='ocrx_word' id='word_1_288' title='bbox 1011 2316 1267 2357; x_wconf 83' lang='lat' dir='ltr'><strong>admoneam</strong></span> <span class='ocrx_word' id='word_1_289' title='bbox 1276 2330 1293 2364; x_wconf 90' lang='lat'><strong>,·</strong></span> <span class='ocrx_word' id='word_1_290' title='bbox 1331 2329 1453 2373; x_wconf 80' lang='lat' dir='ltr'><strong>quem</strong></span> <span class='ocrx_word' id='word_1_291' title='bbox 1489 2315 1573 2358; x_wconf 87' lang='lat' dir='ltr'><strong>Ta-</strong></span> 
     </span>
     <span class='ocr_line' id='line_1_38' title="bbox 141 2384 1574 2439; baseline -0.001 -12"><span class='ocrx_word' id='word_1_292' title='bbox 141 2386 268 2427; x_wconf 77' lang='lat' dir='ltr'><strong>citum</strong></span> <span class='ocrx_word' id='word_1_293' title='bbox 301 2396 388 2426; x_wconf 79' lang='lat' dir='ltr'><strong>non</strong></span> <span class='ocrx_word' id='word_1_294' title='bbox 419 2396 513 2425; x_wconf 76' lang='lat' dir='ltr'><strong>esse</strong></span> <span class='ocrx_word' id='word_1_295' title='bbox 546 2389 632 2425; x_wconf 82' lang='lat' dir='ltr'><strong>tam</strong></span> <span class='ocrx_word' id='word_1_296' title='bbox 664 2390 826 2426; x_wconf 76' lang='lat' dir='ltr'><strong>certum</strong></span> <span class='ocrx_word' id='word_1_297' title='bbox 858 2384 983 2438; x_wconf 75' lang='lat' dir='ltr'><strong>apud</strong></span> <span class='ocrx_word' id='word_1_298' title='bbox 1012 2398 1074 2426; x_wconf 85' lang='lat' dir='ltr'><strong>me</strong></span> <span class='ocrx_word' id='word_1_299' title='bbox 1105 2389 1172 2426; x_wconf 76' lang='lat' dir='ltr'><strong>est</strong></span> <span class='ocrx_word' id='word_1_300' title='bbox 1198 2396 1328 2439; x_wconf 80' lang='lat' dir='ltr'><strong>quam</strong></span> <span class='ocrx_word' id='word_1_301' title='bbox 1349 2385 1390 2425; x_wconf 78' lang='grc' dir='ltr'><strong>.ςὶ</strong></span> <span class='ocrx_word' id='word_1_302' title='bbox 1415 2384 1574 2438; x_wconf 85' lang='lat' dir='ltr'><strong>Apollo</strong></span> 
     </span>
    </p>
   </div>
   <div class='ocr_carea' id='block_1_18' title="bbox 67 2450 1570 2508">
    <p class='ocr_par' dir='ltr' id='par_1_19' title="bbox 67 2450 1570 2508">
     <span class='ocr_line' id='line_1_39' title="bbox 67 2450 1570 2508; baseline 0.001 -14"><span class='ocrx_word' id='word_1_303' title='bbox 67 2504 78 2508; x_wconf 16' lang='grc' dir='ltr'><strong>ἡ</strong></span> <span class='ocrx_word' id='word_1_304' title='bbox 116 2451 468 2507; x_wconf 65' lang='grc' dir='ltr'><strong>4νε.ς·ρονιιίι“ε.τ»·ει,·</strong></span> <span class='ocrx_word' id='word_1_305' title='bbox 511 2474 557 2480; x_wconf 87' lang='grc'>-</span> <span class='ocrx_word' id='word_1_306' title='bbox 592 2451 767 2501; x_wconf 75' lang='lat' dir='ltr'><strong>inclino,</strong></span> <span class='ocrx_word' id='word_1_307' title='bbox 790 2457 835 2494; x_wconf 77' lang='lat' dir='ltr'><strong>at</strong></span> <span class='ocrx_word' id='word_1_308' title='bbox 860 2451 1132 2504; x_wconf 76' lang='lat' dir='ltr'><strong>Quintiliano</strong></span> <span class='ocrx_word' id='word_1_309' title='bbox 1157 2450 1393 2494; x_wconf 77' lang='lat' dir='ltr'><strong>tribuam“.</strong></span> <span class='ocrx_word' id='word_1_310' title='bbox 1451 2450 1570 2495; x_wconf 79' lang='lat' dir='ltr'><strong>Haec</strong></span> 
     </span>
    </p>
   </div>
   <div class='ocr_carea' id='block_1_19' title="bbox 150 2553 421 2560">
    <p class='ocr_par' dir='ltr' id='par_1_20' title="bbox 150 2553 421 2560">
     <span class='ocr_line' id='line_1_40' title="bbox 150 2553 421 2560; baseline 0 207"><span class='ocrx_word' id='word_1_311' title='bbox 150 2553 421 2560; x_wconf 95' lang='lat' dir='ltr'><strong> </strong></span> 
     </span>
    </p>
   </div>
   <div class='ocr_carea' id='block_1_20' title="bbox 257 2593 919 2640">
    <p class='ocr_par' dir='ltr' id='par_1_21' title="bbox 257 2593 919 2640">
     <span class='ocr_line' id='line_1_41' title="bbox 257 2593 919 2640; baseline 0.002 -10"><span class='ocrx_word' id='word_1_312' title='bbox 257 2594 290 2639; x_wconf 88' lang='lat'><strong>¹)</strong></span> <span class='ocrx_word' id='word_1_313' title='bbox 314 2593 363 2631; x_wconf 84' lang='lat' dir='ltr'><strong>cf.</strong></span> <span class='ocrx_word' id='word_1_314' title='bbox 388 2593 582 2640; x_wconf 82' lang='lat' dir='ltr'><strong>Eckstein,</strong></span> <span class='ocrx_word' id='word_1_315' title='bbox 608 2595 634 2631; x_wconf 90' lang='lat' dir='ltr'><strong>l.</strong></span> <span class='ocrx_word' id='word_1_316' title='bbox 662 2595 688 2631; x_wconf 93' lang='lat' dir='ltr'><strong>l.</strong></span> <span class='ocrx_word' id='word_1_317' title='bbox 714 2605 753 2640; x_wconf 83' lang='lat' dir='ltr'><strong>p.</strong></span> <span class='ocrx_word' id='word_1_318' title='bbox 779 2595 836 2631; x_wconf 83' lang='lat'><strong>63.</strong></span> <span class='ocrx_word' id='word_1_319' title='bbox 863 2605 919 2639; x_wconf 85' lang='lat' dir='ltr'><strong>sq.</strong></span> 
     </span>
    </p>
   </div>
  </div>
 </body>
</html>
