1751 2767
256 305 262 354 j
302 293 535 368 confirmat,
566 304 689 347 solus
707 305 765 346 ad
789 305 834 347 id
853 302 1007 347 bellum
1035 305 1168 348 bonas
1196 310 1311 349 artes
1340 307 1487 349 attulit
1518 307 1575 361 (v.

160 360 504 437 1115111109.
537 372 643 427 18.;)
672 372 944 415 historiarum
973 373 1103 415 etiam
1135 374 1330 427 scriptor
1346 373 1477 417 fuisse
1512 374 1576 416 vi-

161 439 299 493 detur,
327 443 381 482 ut
406 436 618 494 colligitur
647 452 698 482 ex
726 439 822 483 Tac.
851 440 950 483 hist.
979 441 1057 483 111.
1089 453 1124 483 c.
1155 446 1222 484 25.
1254 442 1452 496 (quocum
1481 442 1573 484 loco

117 561 121 563 ¹
161 500 366 555 conferas
380 501 574 550 eiusdem
597 507 695 550 libri
723 520 758 550 c.
790 509 890 561 28.,)
920 508 993 551 ubi
1022 508 1194 551 Tacitus
1223 509 1314 562 ipse
1349 523 1399 552 eo
1439 510 1576 552 utitur

103 571 346 620 'affl-„auctora
404 574 686 631 Magnamque
728 579 772 619 et
813 576 987 630 pietatis
1030 580 1073 619 et
1115 577 1377 631 eloquentiae
1419 577 1575 620 famam

1 639 83 698 τ”ζ
122 677 125 679 -
161 644 344 701 adeptus
371 647 451 695 est,
491 656 586 686 cum
624 656 702 697 pro
736 643 867 686 fratre
901 645 1083 699 Aquillio
1112 645 1275 698 Regulo
1313 645 1366 687 ob
1401 658 1576 688 accusa—

89 703 105 737 ⁴,
161 703 305 754 tiones-
326 711 510 765 turpiter
538 715 708 755 exactas
728 716 880 765 arguto
899 712 1152 765 deprecatus
1182 717 1296 756 esset
1326 714 1442 768 (Tac.
1475 714 1573 756 hist.

0 779 10 814 ἶ
48 790 79 806 “’
134 778 234 824 TV.
264 790 299 821 e.
329 779 429 834 42),
459 779 531 833 qui
559 791 811 833 quamquam
844 782 1104 830 „ommnium
1134 781 1333 836 bipedum
1365 783 1574 838 nequissi-

160 836 289 889 mus“
325 845 449 901 (Plin.
479 859 572 900 epp.
602 847 636 889 Ι.
668 846 726 902 5.)
755 851 799 889 61
825 847 1017 901 pluribus
1046 847 1148 890 locis
1177 861 1203 890 a
1231 847 1366 890 Plinio
1392 852 1441 890 ut
1460 848 1574 890 frau-

36 955 56 968 v,
113 965 115 968 Α
161 912 359 955 dulentus
388 914 626 956 causidicus
645 917 688 956 et
713 918 1064 957 testamentorum
1084 919 1280 968 captator
1303 915 1574 958 meritissimo

109 997 113 1001 ¹
160 980 396 1034 flagellatus
441 985 585 1024 tamen
623 995 651 1024 a
677 976 883 1036 Vipstano
930 983 1129 1026 Messalla
1176 983 1308 1026 fratre
1336 984 1381 1026 in
1419 984 1574 1026 iudicio

161 1048 458 1091 sublevabatur
493 1062 577 1092 non
607 1061 775 1092 causam
804 1063 939 1104 neque
963 1063 1081 1092 reum
1110 1055 1270 1102 tuente,
1301 1052 1377 1093 sed
1405 1051 1573 1103 pericu-

161 1116 214 1160 lis
232 1117 377 1160 fratris
396 1121 530 1160 semet
550 1122 801 1172 opponente.
845 1118 1015 1161 Tacitus
1035 1117 1108 1160 ubi
1127 1118 1171 1160 id
1200 1122 1359 1170 narrat,
1390 1118 1572 1172 aliquam

160 1185 364 1238 temporis
393 1184 719 1238 descriptionem
748 1186 892 1238 addit;
937 1187 1041 1229 dicit
1070 1186 1181 1228 enim
1222 1186 1462 1229 Messallam
1497 1187 1573 1228 de-

160 1252 344 1295 fendisse
371 1247 548 1295 fratrem
575 1253 800 1303 „nondum
829 1256 1054 1296 senatoria
1083 1258 1274 1306 aetate‚“
1306 1266 1413 1308 quae
1452 1258 1572 1296 aetas

35 1326 45 1336 ’
106 1338 108 1340 ’
162 1324 228 1374 est
255 1333 390 1372 annus
424 1320 646 1364 vicesimus
680 1321 863 1375 quintus.
935 1322 1014 1364 Illa
1054 1334 1123 1364 res
1166 1326 1309 1364 autem
1351 1321 1465 1364 facta
1507 1328 1573 1364 est

160 1389 344 1433 secundo
381 1388 548 1443 imperii
574 1381 849 1443 Vespasianei
877 1402 999 1442 anno,
1030 1390 1070 1433 h.
1101 1403 1136 1433 e.
1167 1403 1205 1433 a.
1238 1396 1302 1434 70.
1332 1390 1400 1433 vel
1431 1395 1496 1433 71.
1528 1404 1568 1444 p.

161 1458 258 1502 Chr.
288 1471 328 1501 n.
386 1457 523 1501 Natus
551 1458 682 1512 igitur
710 1461 802 1501 erat
830 1458 1029 1501 Messalla
1056 1472 1140 1501 non
1169 1462 1268 1501 ante
1297 1471 1454 1501 annum
1475 1464 1568 1510 46.;

160 1539 284 1581 quem
312 1538 469 1569 annum
497 1517 681 1568 natalem
711 1526 748 1568 si
775 1526 980 1579 ponimus,
1016 1526 1226 1576 Messalla,
1269 1538 1365 1568 cum
1400 1526 1569 1580 dialogo

158 1598 304 1637 nostro
331 1594 570 1644 interesset,
600 1604 755 1635 annum
784 1593 939 1646 agebat
957 1593 1044 1635 fere
1063 1594 1308 1636 vicesimum
1327 1594 1567 1646 septimum,
1590 1633 1593 1637 .

148 1671 268 1715 ¹quae
295 1665 415 1704 aetas
444 1661 603 1714 optime
622 1660 738 1703 cadit
758 1664 801 1702 et
822 1661 865 1701 in
886 1660 1022 1702 Taciti
1042 1664 1085 1702 et
1104 1661 1146 1702 in
1167 1660 1325 1714 dialogi
1345 1662 1567 1714 tempus.¹)

133 1724 299 1781 *Minus
327 1729 498 1783 quidem
527 1731 643 1770 certa
670 1728 828 1770 mentio
858 1728 914 1769 ad
941 1740 1018 1770 nos
1046 1728 1211 1780 perlata
1238 1731 1305 1770 est
1324 1729 1377 1770 de
1396 1727 1568 1782 reliquis

158 1796 446 1840 collocutionis
476 1795 600 1839 sociis
628 1807 762 1850 neque
790 1794 877 1838 fere
906 1795 1135 1851 quidquam
1164 1797 1218 1838 de
1246 1796 1300 1839 iis
1328 1796 1569 1850 accepimus

157 1864 239 1923 nisi
266 1865 379 1917 quod
407 1877 458 1906 ex
487 1864 654 1917 dialogo
682 1864 774 1917 ipso
804 1867 992 1916 apparet.
1060 1864 1247 1914 Quorum
1282 1863 1446 1916 primus
1482 1864 1566 1905 Cu-

156 1929 307 1974 riatius
325 1930 545 1975 Maternus
564 1931 806 1985 ingeniosus
825 1930 1138 1984 tragoediarum
1153 1934 1281 1984 poeta
1300 1929 1393 1982 fuit,
1415 1929 1566 1984 quibus

81 1988 84 1995 (
156 1998 359 2050 pristinas
393 1999 575 2041 virtutes
612 1998 836 2052 populares
875 1997 1100 2040 revocabat
1143 2002 1187 2038 et
1229 1998 1413 2050 aliquam
1455 1998 1566 2038 inter

157 2064 354 2119 aequales
382 2065 561 2120 gloriam
591 2065 671 2108 sibi
697 2064 888 2118 parabat.
946 2063 1152 2107 Martialis
1181 2067 1324 2106 autem
1354 2063 1493 2106 verbis
1522 2064 1564 2106 in

157 2131 288 2185 epigr.
317 2132 369 2174 X.
401 2138 486 2175 37.:

269 2199 412 2250 „iuris
439 2205 479 2241 et
510 2213 745 2258 aequarum
775 2202 916 2243 cultor
944 2201 1213 2242 sanctissime
1242 2201 1395 2255 legum,

267 2267 461 2308 veridico
491 2268 665 2311 Latium
693 2270 766 2325 qui
793 2270 911 2324 regis
940 2282 1017 2310 ore
1042 2263 1226 2321 forum“
1255 2270 1335 2309 cet.

156 2331 225 2376 hic
270 2336 415 2377 noster
461 2333 675 2378 Curiatius
721 2335 938 2379 Maternus
997 2347 1081 2378 non
1128 2335 1298 2377 videtur
1322 2371 1324 2373 .
1349 2333 1559 2384 denotari;

270 2547 302 2592 ¹)
324 2537 470 2584 Nescio*
482 2556 529 2584 an
551 2547 650 2585 idem
671 2548 788 2594 fuerit
809 2549 872 2586 ille
888 2550 1073 2594 Messalla,
1092 2549 1202 2593 quia.
1220 2548 1298 2584 115.
1316 2547 1382 2583 sub
1400 2547 1558 2583 Traiano

150 2613 238 2668 xcum
250 2603 303 2639 M.
311 2603 458 2640 Pedona
466 2604 686 2651 Vergiliano
696 2607 822 2643 consul
829 2610 974 2643 creatus
987 2610 1046 2644 est
1057 2607 1123 2652 (cf.
1131 2603 1321 2642 Eckstein.
1334 2605 1361 2640 1.
1374 2605 1400 2640 l.
1415 2616 1452 2650 p.
1469 2606 1558 2650 19.).

1517 0 1539 22 ιτ·
1581 0 1623 16 12³-
1662 0 1741 32 33³0}

1510 48 1513 51 .
1574 29 1589 39 ”
1610 34 1615 40 ’
1629 48 1637 54 ,
1654 28 1669 50 T«
1686 27 1747 53 *ur'ff's

1512 20 1587 82 19.
1735 73 1747 88 .,

1725 154 1730 163 ,
